2648 3775
486 441 1343 505 btĩ qui esuriut̃ ⁊ siciut̃ iusti
528 505 1308 562 ciã qm̃ ipĩ satu̾abuntur ut sit
534 568 1317 619 idem cibus sustet̃as et potus
513 627 1340 675 refrige̾ans p; igi² euidenter
522 687 1388 736 nichil est ĩꝯ eus ymo oiño ueꝵ
516 752 1364 807 eẽ qd ĩ rebus spũalibus ⁊ ĩ ꝓpo
528 817 1304 860 sito manduca̾e idem est rᵉalit²
525 872 1355 916 qd bibe̾ Et qui mãducat xᵐ
534 928 1305 977 e; bñ bibit ipm̃ Capᵐ ioᵐ
648 988 1361 1040 Et ut hoc pleĩus fiat maĩ
594 1056 1332 1104 festũ in hoc sacramt̃o sut̃
531 1115 1397 1161 ta̾ distig̃uenda ⁊ᵐ qd mgr̃ sniaꝵ
525 1176 1326 1225 in dᵉ 8ⁱ libri unũ qd tm̃ ÷
540 1236 1343 1284 sacramtũ alt̾m qd ÷  sac̾mtũ
543 1292 1343 1340 ⁊ nõ res sac̃cti  ⁊ᵐ qd ÷ res ⁊
528 1346 1329 1407 nõ res sacrm̃ Sacramtũ ⁊ res
531 1406 1314 1467 res  est spes̃ uisibilis panis̃ vł
507 1472 1326 1524 uini  Sacrametũ ⁊ res ÷ ca̾o xᵗⁱ
538 1532 1352 1592 Ꝓp̾a ⁊ sag̃uis Res ⁊ nõ sac̾m̃
513 1598 1352 1648 mistica eiꝰ caro porro illa spes̃
522 1663 1317 1715 uisibił sacram̃tũ ÷ gemiẽ rei
549 1723 1349 1781 qr utram; rem significat et
537 1788 1329 1843 infra Corpus xpĩ  Ꝓp̾ũ de v̾
543 1856 1337 1905 gine sumptũ sacram̃tũ ÷ uni-
540 1919 1352 1965 tas eccĩe ⁊  Ꝓbantur h̃  ꝑ va̾
528 1976 1388 2033 btĩ Augusstĩ in libᵒ sniaꝵ ꝓspe̾i
519 2042 1332 2097 ⁊ ponut̃ur dy 10 ⁊ de ꝯse  đ
522 2105 1329 2157 ⁊ͣ hoc est hec aut̃  tria int̾ se
522 2167 1334 2217 habent ;dã ordiẽm qr pi̾mũ
528 2226 1314 2284 ÷  ꝓpter scdm̃ ⁊ᵐ vo̾ ordiẽm
522 2287 1364 2339 ht̃ ad terciũ Spes̃ enĩ i accidẽ-
528 2350 1323 2402 cia ; erat̃ paĩs ⁊ uini  ꝓpt̾ hoc
531 2408 1343 2461 sut̃ in hoc sac̾met̃o ut sb̃ illis
495 2473 1308 2536 verũ corpus xpĩ ⁊ sanguis sñ
522 2535 1329 2590 horroe̾ sum̃at̃ur Sed corpus
507 2602 1323 2651 veꝵ xpĩ sum̃itur ut unitas
516 2659 1320 2712 corꝑis mistici  ꝑficiatur unde
498 2723 1329 2781 mgr̃vsñiaꝵ dᵗ in  ꝙᵒ  đᵉ xĩ Sb̃
516 2787 1320 2838 alia aut̃ spẽ carnẽ ⁊ saguiẽm
516 2841 1352 2892 tradidit xpus̃ ⁊ deinceps su-
516 2902 1290 2957 mendũ instituit ut fides sc;
504 2969 1278 3012 hr̃et meritũ ;  ÷ de hiis ;
513 3020 1329 3069 nõ uident² qr fides nõ habet
486 3081 1305 3122 meritũ cui huãna racõ p̃bet
1529 466 2287 529 exꝑimtũ ⁊̃ ideo ne abhor̾e̾t
1460 526 2317 598 am̃ꝰ qd cernet̃ oculꝰ qr nõ hẽꝰ
1466 589 2290 646 usu carnẽ crudã ⁊ sag̃nem
1469 648 2314 705 ꝯmede̾ Et qr xpm̃ vorai̾ dẽ
1466 708 2296 768 tibus phas nõ ÷ ĩ mĩstio̾ carnẽ
1466 771 2317 840 ⁊ sag̃nẽ nobis ꝯmed̃auit Et hᵒ
1463 831 2299 900 uidetur btus̃ Grego̾ꝰ ĩ omelia
1469 893 2356 956 pascali Et eciã ne rl̾gioni x̾aẽ
1463 954 2272 1015 insultare² a pagaĩs qd co̾rem
1457 1016 2299 1077 occisi homĩs bibamꝰ Ne igitur
1463 1079 2335 1127 hᶜ fie̾t ⁊ ne ueluti quidã hor̾or
1475 1138 2320 1192 s; cruoi̾s ĩ similituⁿᵉ accipi sa-
1466 1201 2284 1253 cramtũ ĩstituit ; ex ub̾is btĩ
1460 1262 2293 1312 Augꝰni ⁊ btĩ Ambᵒsii ÷ hẽnt²
1469 1317 2317 1371 de ꝯse  đ 2ͣ  Ex quibꝰ apꝑet qͥs
1466 1383 2269 1437 sic effc̃tus ⁊ ; sit utilitas spẽꝵ
1460 1446 2281 1497 in hoc sac̾met̃o ui; ut xp̃us qⁱ
1463 1503 2269 1560 ÷ res huiꝰ sac̾met̃i mediat̃ibꝰ
1460 1565 2278 1616 illis sine horroe̾ ⁊ infideliũ
1463 1628 2311 1676 insultacoẽ ac cũ fidei mei̾to sũ-
1448 1691 2329 1745 me̾tur Ex hiis maĩᵗᵉ a; qd nłla
1463 1753 2272 1809 nc̃tiˢ ÷ nõ ꝯficietẽ sb̃ ut̾;  spẽ
1472 1822 2350 1876 ̃sume̾ Sum̃es̃ enĩ sub utra; spẽ
1466 1885 2287 1930 nichil plus rc̾ipit de re ꝯtenta
1466 1933 2305 1986 sub hoc sacm̾et̃o q̃ sum̃es̃ sb̃ ũ
1475 1995 2329 2049 spẽ sola qr sub ut̾; spẽ nõ ꝯtine²
1454 2053 2287 2108 nisi una res ui; integ̾ xps̃
1488 2114 2272 2162 q̃ ut̾; illoꝵ integꝵ rc̾ipit ut
1457 2178 2281 2223 dictũ est Sed solũ rc̾ipit plue̾s
1466 2246 2269 2289 spes̃ habe̾ aut̃ ĩ se młtas spes̃
1463 2302 2269 2347 hoc ÷ młta accidencia paĩs ⁊
1442 2354 2329 2411 uini eciã si habet̃ur młta substac̃ia
1463 2416 2272 2467 ; tñ nobilior ÷ accidet̃ibꝰ suis
1457 2473 2329 2527 quid prodi̾t aiẽ ; pane corꝑali
1457 2533 2299 2593 non pascitur nec nutritur accidẽ-
1454 2596 2305 2653 tibus eius Sed pascitur carne
1457 2658 2281 2715 ⁊ p̃cioso saguiẽ xpĩ qᵒrũ utrũ;
1454 2724 2332 2772 integre rc̾ipit sum̃es̃ sub una sola
1475 2791 2278 2837 spẽ Nulla igitur nõ dicã nct̃iˢ
1460 2853 2320 2898 Sed necc in aliqᵒ maior utilitas
1451 2915 2320 2968 apꝑet ; ad  ꝓp̾ũ ⁊ ĩmediatũ effcm̃
1448 2981 2299 3035 hꝰ sacramt̃i ipm̃ sub duabꝰ spẽbꝰ
1472 3033 2287 3091 sum̃e̾ q̃ sub alta̾ sola Et se in
1451 3095 2284 3141 hoc nõ ÷ maior utilitas seqⁱtur
