2625 3781
358 475 1227 527 qd nõ magꝭ nutt̾ur sum̃es̃ sb̃ duabꝰ
376 538 1206 587 spẽbus qᵐ sub alta̾ tñ. Quia  sa̾tũ
373 602 1206 652 illud dr̃ ⁊  ꝑfeciũ nutm̾etũ
382 661 1206 712 roẽ effc̃tus ut sup̾ dictũ est  ⁊
364 726 1205 782 ideo si non  magꝭ nutritur nõ magꝭ
373 784 1218 838 mad̃ucat carnẽ nec magꝭ sag̃ᵉᵐ
376 851 1221 900 bibit cũ hec duo nichil aliud quã
394 907 1188 959 ꝑfectũ aiẽ nutm̾etũ importent
385 970 1191 1028 Amp̃ cao̾ xpĩ dr̃ vẽ eẽ cibus ⁊
391 1037 1212 1085 saguis vẽ eẽ potus Non aut̃ d²
400 1094 1194 1153 qd spes̃ quibꝰ tegitur cao̾ xpĩ ⁊
376 1161 1191 1213 saguis sint uerꝰ cibus ⁊ potus
367 1218 1194 1275 nec eẽ pñt 2ᵐ qd xp̃us hic de
370 1283 1206 1336 cibo loqͥtur xp̃us enĩ hͨ loqͥtur
364 1342 1191 1405 de cibo aiẽ que dat uitã etn̾a;
346 1402 1227 1468 p̃misit nã; ibiđ Qui mad̃ucat
367 1464 1164 1528 huc̃ carnẽ uiuet in etn̾ũ ⁊
355 1524 1188 1590 infra ⁊ paĩs q̃ ego dabo cao̾
340 1595 1158 1653 mea ÷  ꝓ mud̃i uita / spẽs aut̃
361 1658 1215 1725 paĩs ĩ accidencia cũ tota subã sua
364 1723 1191 1787 nõ put̃ dae̾ uitã et̾nã sed solũ
367 1782 1155 1846 ꝯseruae̾ tꝑalem ⁊ de tali cibo
367 1849 1197 1919 xpũs hic nõ loqͥtur s; dᵗ ĩ eođ
358 1920 1197 1987 calo qd  maña qd  int̾ huiꝰm̃ cibos
364 1982 1203 2040 co̾ꝑales hẽbat omẽ; sapoe̾; sua-
352 2046 1194 2113 uissimũ nõ ea̾t verꝰ paĩs dic̃es
346 2112 1155 2179 Non moyses dedit uob̃ panẽ
358 2175 1173 2244 de celo sed pr̃ meus dat uobis
337 2246 1173 2309 panẽ de celo verũ ⁊ iterum
337 2312 1176 2373 pr̃es vrĩ maducaueu̾nt maña in-
349 2375 1194 2442 deserto ⁊ mortui sut̃ Qui mã-
340 2440 1200 2513 ducat huc̃ panẽ uiuer ĩ etn̾ũ
334 2506 1179 2570 patet ergo qua roẽ xp̃us dicat
349 2569 1164 2636 carnẽ suam eẽ cibũ qr ui; dat
340 2640 1179 2710 mad̃ucat̃ibꝰ uitã etn̾a; hoc aut̃
325 2703 1182 2776 nõ fc̃it cao̾ xpĩ roñe spẽꝵ qr
358 2777 1152 2851 spẽs paĩs ⁊ uini etn̾ã uitã nec
304 2839 1155 2916 ꝑ se ꝯferre pñt nᶜ ut̾utẽ ꝯfe̾ndi
340 2906 1185 2982 quã nõ hñt alti̾ ꝯm̃icae̾ Nec xꝰ
316 2969 1182 3045 indiget caꝑe ut̾utẽ ꝯferendi et̾-
328 3041 1158 3113 nam uitam ab acciᵇꝰ paĩs ecia; si
1320 472 2165 524 ꝯferre possent xpus̃ enĩ ht̃ ut̾tẽ
1329 532 2147 584 ĩfinitã cũ sit dei ut̾us et inqͭ
1329 601 2177 647 Aplus̃ ⁊ vt̾ute sua nõ alieã uiue̾
1340 657 2138 700 facit se mad̃ucatẽs unde ipẽ  dᵗ
1332 721 2150 769 in eodem caᵒ Ioh̃ viᵒ qui mad̃u-
1326 778 2111 835 cat me uiuit  ꝓpter me non
1308 841 2135 895 dixit uiuit ꝓpter spes̃ ⁊
1296 903 2165 963 uini qr  tłem uitã ꝯferre nõ pot̃
1314 963 2156 1023 Cum go hec sit racõ quae̾ caro
1343 1025 2132 1083 xpĩ sit uerus cibus ipẽ xps̃
1320 1093 2168 1154 totus sit uerus paĩs vi; qr ꝯfert
1296 1153 2141 1208 uitam et̾na; hᵒ aut̃ a seipõ nõ
1314 1216 2168 1271 ⁊ spẽbus h;  qd nõ racoẽ  spẽꝵ
1329 1276 2096 1332 panis ⁊ uini dr̃ verus cibus
1308 1336 2075 1386 ⁊ potus sed ranẽ sui ipsũs
1314 1399 2159 1453 qr ht̃ efficaciã  ꝑfctẽ sp̃ualit²  nu-
1323 1461 2159 1522 triendi sumt̃es ipm̃ que efficiacia
1308 1525 2156 1584 noiẽ cibi ⁊ potus sig̃fica²  ꝑ słiᵉ;
1305 1592 2171 1659 ad corꝑale nut̾m̃etũ qd ut dictũ
1308 1655 2096 1728 est ex hiis duobus ut płimũ
1308 1721 2147 1791 ꝑficitur Si igi² cao̾ xpĩ  ꝑ se ht̃
1308 1803 2138 1849 qd sit verus cibus qiucũ; sumit
1302 1860 2126 1909 eam sub qͣcũ; spẽ sumat verũ
1302 1921 2150 1976 cibũ sumit siłe² si sags̃ xpĩ  ꝑse
1311 1986 2171 2041 Non aut̃ roẽ speꝵ ht̃ qd sit ue-
1305 2049 2114 2110 rus potus quicũ; ipm̃ sumit
1311 2110 2117 2179 uerum potũ sumit Ex quibus
1296 2180 2117 2237 euident²  patet qd qͥcũ; sumit
1302 2236 2066 2303 carnẽ ⁊ sag̃ᵉ; xpĩ  sub q̃cũ;
1311 2304 2108 2367 spẽ sumit verũ cibũ ⁊ verũ
1305 2372 2125 2433 potũ de quibꝰ xpus̃ hic loqt̃ur
1308 2438 2111 2504 sumit Et ꝯñt² mad̃ucat carnẽ
1290 2495 2126 2564 ;  ÷ iđ qd verus cibis Et bibit
1302 2561 2108 2630 sag̃ᵉ; qui i đ ÷ qd verus potus
1287 2629 2147 2692 Nichil enĩ mad̃ucae̾ qͣ cibũ sũ-
1293 2688 2102 2757 me̾ ⁊ bibe̾ quã verũ potũ sũ-
1293 2754 2066 2824 me̾ sup̾ aut̃ ost̃m est sub
1296 2820 2093 2893 sola spẽ paĩs ꝯtiner̾ corpus ⁊
1299 2885 2081 2949 sag̃ᵉ; xpĩ igi²  sum̃es̃ sub sola
1290 2950 2123 3020 paĩs spẽ hoc sac̾mẽtũ mad̃ucat
1296 3016 2084 3077 carnẽ ⁊ sag̃ne; xpĩ 2ᵐ
1400 3084 2090 3137 qd xps̃ declarat hᵒ mad̃ucare
