<?xml version="1.0" encoding="UTF-8" standalone="yes"?>
<PcGts xmlns="http://schema.primaresearch.org/PAGE/gts/pagecontent/2013-07-15" xmlns:xsi="http://www.w3.org/2001/XMLSchema-instance" xsi:schemaLocation="http://schema.primaresearch.org/PAGE/gts/pagecontent/2013-07-15 http://schema.primaresearch.org/PAGE/gts/pagecontent/2013-07-15/pagecontent.xsd">
    <Metadata>
        <Creator>Transkribus</Creator>
        <Created>2024-11-08T10:21:11.099+01:00</Created>
        <LastChange>2024-12-04T22:37:28.803+01:00</LastChange>
        <TranskribusMetadata docId="5059195" pageId="82698443" pageNr="77" tsid="209833085" status="DONE" userId="218628" imgUrl="https://files.transkribus.eu/Get?id=SSOOQRADXLZGYRTYEBSNWKFS&amp;fileType=view" xmlUrl="https://files.transkribus.eu/Get?id=OXKUYAOBYZONTUQMBNIKPFWX" imageId="68046664"/>
    </Metadata>
    <Page imageFilename="0077_DTL_3262558-0077.jpeg" imageWidth="2648" imageHeight="3775">
        <ReadingOrder>
            <OrderedGroup id="ro_1734604253369" caption="Regions reading order">
                <RegionRefIndexed index="0" regionRef="tr_1"/>
            </OrderedGroup>
        </ReadingOrder>
        <TextRegion orientation="0.0" id="tr_1" custom="readingOrder {index:0;}">
            <Coords points="516,453 516,2014 1385,2014 1385,453"/>
            <TextLine id="tr_1_tl_1" custom="readingOrder {index:0;}">
                <Coords points="540,504 579,500 619,498 658,498 698,498 738,498 777,498 817,500 856,502 896,503 936,501 975,501 1015,498 1054,500 1094,501 1134,499 1173,499 1213,501 1252,501 1292,501 1332,498 1332,453 1292,456 1252,456 1213,456 1173,454 1134,454 1094,456 1054,455 1015,453 975,456 936,456 896,458 856,457 817,455 777,453 738,453 698,453 658,453 619,453 579,455 540,459"/>
                <Baseline points="540,489 579,485 619,483 658,483 698,483 738,483 777,483 817,485 856,487 896,488 936,486 975,486 1015,483 1054,485 1094,486 1134,484 1173,484 1213,486 1252,486 1292,486 1332,483"/>
                <TextEquiv>
                    <Unicode>spũs sancti ¶ Declaratio ergo</Unicode>
                </TextEquiv>
            </TextLine>
            <TextLine id="tr_1_tl_2" custom="readingOrder {index:1;}">
                <Coords points="537,568 577,565 617,565 657,565 697,565 737,565 777,565 817,565 857,565 897,565 937,565 977,565 1017,565 1057,565 1097,567 1137,568 1177,569 1217,571 1257,571 1297,568 1337,574 1337,534 1297,528 1257,531 1217,531 1177,529 1137,528 1097,527 1057,525 1017,525 977,525 937,525 897,525 857,525 817,525 777,525 737,525 697,525 657,525 617,525 577,525 537,528"/>
                <Baseline points="537,555 577,552 617,552 657,552 697,552 737,552 777,552 817,552 857,552 897,552 937,552 977,552 1017,552 1057,552 1097,554 1137,555 1177,556 1217,558 1257,558 1297,555 1337,561"/>
                <TextEquiv>
                    <Unicode>illius auctoi̾tatis Ioh̃ 6ᵒ Et</Unicode>
                </TextEquiv>
            </TextLine>
            <TextLine id="tr_1_tl_3" custom="readingOrder {index:2;}">
                <Coords points="540,637 579,631 619,631 658,631 698,631 738,631 777,633 817,632 856,631 896,631 936,631 975,631 1015,631 1054,633 1094,632 1134,629 1173,629 1213,630 1252,627 1292,625 1332,628 1332,589 1292,586 1252,588 1213,591 1173,590 1134,590 1094,593 1054,594 1015,592 975,592 936,592 896,592 856,592 817,593 777,594 738,592 698,592 658,592 619,592 579,592 540,598"/>
                <Baseline points="540,624 579,618 619,618 658,618 698,618 738,618 777,620 817,619 856,618 896,618 936,618 975,618 1015,618 1054,620 1094,619 1134,616 1173,616 1213,617 1252,614 1292,612 1332,615"/>
                <TextEquiv>
                    <Unicode>om̃i aliaꝵ facta in fide quas</Unicode>
                </TextEquiv>
            </TextLine>
            <TextLine id="tr_1_tl_4" custom="readingOrder {index:3;}">
                <Coords points="534,704 573,701 612,701 652,701 691,698 731,698 770,698 810,698 849,698 889,699 928,700 967,698 1007,701 1046,699 1086,700 1125,701 1165,700 1204,697 1244,695 1283,696 1323,701 1323,656 1283,651 1244,650 1204,652 1165,655 1125,656 1086,655 1046,654 1007,656 967,653 928,655 889,654 849,653 810,653 770,653 731,653 691,653 652,656 612,656 573,656 534,659"/>
                <Baseline points="534,689 573,686 612,686 652,686 691,683 731,683 770,683 810,683 849,683 889,684 928,685 967,683 1007,686 1046,684 1086,685 1125,686 1165,685 1204,682 1244,680 1283,681 1323,686"/>
                <TextEquiv>
                    <Unicode>allegauerũt hussite pertin;</Unicode>
                </TextEquiv>
            </TextLine>
            <TextLine id="tr_1_tl_5" custom="readingOrder {index:4;}">
                <Coords points="528,776 568,773 608,773 648,773 688,771 728,770 768,770 808,770 848,770 888,770 928,770 968,773 1008,773 1048,771 1088,770 1128,772 1168,773 1208,772 1248,770 1288,770 1329,773 1329,728 1288,725 1248,725 1208,727 1168,728 1128,727 1088,725 1048,726 1008,728 968,728 928,725 888,725 848,725 808,725 768,725 728,725 688,726 648,728 608,728 568,728 528,731"/>
                <Baseline points="528,761 568,758 608,758 648,758 688,756 728,755 768,755 808,755 848,755 888,755 928,755 968,758 1008,758 1048,756 1088,755 1128,757 1168,758 1208,757 1248,755 1288,755 1329,758"/>
                <TextEquiv>
                    <Unicode>ad ulẽm eccĩ̃am Quia solus</Unicode>
                </TextEquiv>
            </TextLine>
            <TextLine id="tr_1_tl_6" custom="readingOrder {index:5;}">
                <Coords points="549,857 587,848 626,845 665,845 704,845 743,845 782,845 820,845 859,847 898,847 937,845 976,844 1015,842 1054,845 1092,843 1131,842 1170,842 1209,841 1248,839 1287,839 1326,842 1326,797 1287,794 1248,794 1209,796 1170,797 1131,797 1092,798 1054,800 1015,797 976,799 937,800 898,802 859,802 820,800 782,800 743,800 704,800 665,800 626,800 587,803 549,812"/>
                <Baseline points="549,842 587,833 626,830 665,830 704,830 743,830 782,830 820,830 859,832 898,832 937,830 976,829 1015,827 1054,830 1092,828 1131,827 1170,827 1209,826 1248,824 1287,824 1326,827"/>
                <TextEquiv>
                    <Unicode>spũs sancta pt̃ sacrã sc̾pturã</Unicode>
                </TextEquiv>
            </TextLine>
            <TextLine id="tr_1_tl_7" custom="readingOrder {index:6;}">
                <Coords points="552,925 592,922 633,920 674,919 715,918 756,916 797,916 838,916 879,916 920,916 961,913 1001,913 1042,913 1083,913 1124,911 1165,909 1206,907 1247,907 1288,907 1329,907 1370,910 1370,865 1329,862 1288,862 1247,862 1206,862 1165,864 1124,866 1083,868 1042,868 1001,868 961,868 920,871 879,871 838,871 797,871 756,871 715,873 674,874 633,875 592,877 552,880"/>
                <Baseline points="552,910 592,907 633,905 674,904 715,903 756,901 797,901 838,901 879,901 920,901 961,898 1001,898 1042,898 1083,898 1124,896 1165,894 1206,892 1247,892 1288,892 1329,892 1370,895"/>
                <TextEquiv>
                    <Unicode>sufficienter declara̾e sic̃ solus</Unicode>
                </TextEquiv>
            </TextLine>
            <TextLine id="tr_1_tl_8" custom="readingOrder {index:7;}">
                <Coords points="516,994 556,994 597,994 637,992 678,989 718,988 759,987 799,985 840,985 880,985 921,982 961,982 1002,982 1042,980 1083,979 1123,979 1164,978 1204,976 1245,976 1285,977 1326,982 1326,937 1285,932 1245,931 1204,931 1164,933 1123,934 1083,934 1042,935 1002,937 961,937 921,937 880,940 840,940 799,940 759,942 718,943 678,944 637,947 597,949 556,949 516,949"/>
                <Baseline points="516,979 556,979 597,979 637,977 678,974 718,973 759,972 799,970 840,970 880,970 921,967 961,967 1002,967 1042,965 1083,964 1123,964 1164,963 1204,961 1245,961 1285,962 1326,967"/>
                <TextEquiv>
                    <Unicode>ipẽ dictauit Ut inꝙ̃ btũs</Unicode>
                </TextEquiv>
            </TextLine>
            <TextLine id="tr_1_tl_9" custom="readingOrder {index:8;}">
                <Coords points="528,1060 570,1060 613,1058 656,1057 699,1055 742,1052 785,1051 827,1053 870,1053 913,1051 956,1051 999,1051 1042,1050 1085,1048 1127,1049 1170,1050 1213,1048 1256,1045 1299,1042 1342,1042 1385,1042 1385,997 1342,997 1299,997 1256,1000 1213,1003 1170,1005 1127,1004 1085,1003 1042,1005 999,1006 956,1006 913,1006 870,1008 827,1008 785,1006 742,1007 699,1010 656,1012 613,1013 570,1015 528,1015"/>
                <Baseline points="528,1045 570,1045 613,1043 656,1042 699,1040 742,1037 785,1036 827,1038 870,1038 913,1036 956,1036 999,1036 1042,1035 1085,1033 1127,1034 1170,1035 1213,1033 1256,1030 1299,1027 1342,1027 1385,1027"/>
                <TextEquiv>
                    <Unicode>Grego̾ius In pasto̾ali Ipẽ veo̾</Unicode>
                </TextEquiv>
            </TextLine>
            <TextLine id="tr_1_tl_10" custom="readingOrder {index:9;}">
                <Coords points="570,1134 610,1128 650,1125 690,1125 730,1124 770,1123 810,1122 851,1121 891,1122 931,1120 971,1123 1011,1120 1051,1122 1091,1121 1132,1122 1172,1121 1212,1119 1252,1117 1292,1117 1332,1117 1373,1120 1373,1075 1332,1072 1292,1072 1252,1072 1212,1074 1172,1076 1132,1077 1091,1076 1051,1077 1011,1075 971,1078 931,1075 891,1077 851,1076 810,1077 770,1078 730,1079 690,1080 650,1080 610,1083 570,1089"/>
                <Baseline points="570,1119 610,1113 650,1110 690,1110 730,1109 770,1108 810,1107 851,1106 891,1107 931,1105 971,1108 1011,1105 1051,1107 1091,1106 1132,1107 1172,1106 1212,1104 1252,1102 1292,1102 1332,1102 1373,1105"/>
                <TextEquiv>
                    <Unicode>spũs sanctꝰ sniam̃ suã declaa̾t</Unicode>
                </TextEquiv>
            </TextLine>
            <TextLine id="tr_1_tl_11" custom="readingOrder {index:10;}">
                <Coords points="567,1203 607,1200 647,1197 687,1195 727,1194 767,1194 807,1194 847,1194 887,1193 927,1191 967,1191 1007,1188 1047,1188 1087,1188 1127,1186 1167,1183 1207,1182 1247,1182 1287,1182 1327,1182 1367,1185 1367,1140 1327,1137 1287,1137 1247,1137 1207,1137 1167,1138 1127,1141 1087,1143 1047,1143 1007,1143 967,1146 927,1146 887,1148 847,1149 807,1149 767,1149 727,1149 687,1150 647,1152 607,1155 567,1158"/>
                <Baseline points="567,1188 607,1185 647,1182 687,1180 727,1179 767,1179 807,1179 847,1179 887,1178 927,1176 967,1176 1007,1173 1047,1173 1087,1173 1127,1171 1167,1168 1207,1167 1247,1167 1287,1167 1327,1167 1367,1170"/>
                <TextEquiv>
                    <Unicode>ꝑ uniu̾salem eccĩ̃am ut paulo</Unicode>
                </TextEquiv>
            </TextLine>
            <TextLine id="tr_1_tl_12" custom="readingOrder {index:11;}">
                <Coords points="546,1266 585,1263 624,1264 663,1266 702,1263 741,1263 780,1263 820,1263 859,1263 898,1263 937,1262 976,1260 1015,1260 1054,1260 1094,1258 1133,1257 1172,1257 1211,1257 1250,1256 1289,1254 1329,1257 1329,1212 1289,1209 1250,1211 1211,1212 1172,1212 1133,1212 1094,1213 1054,1215 1015,1215 976,1215 937,1217 898,1218 859,1218 820,1218 780,1218 741,1218 702,1218 663,1221 624,1219 585,1218 546,1221"/>
                <Baseline points="546,1251 585,1248 624,1249 663,1251 702,1248 741,1248 780,1248 820,1248 859,1248 898,1248 937,1247 976,1245 1015,1245 1054,1245 1094,1243 1133,1242 1172,1242 1211,1242 1250,1241 1289,1239 1329,1242"/>
                <TextEquiv>
                    <Unicode>ante ĩnuit scũs Augustinꝰ</Unicode>
                </TextEquiv>
            </TextLine>
            <TextLine id="tr_1_tl_13" custom="readingOrder {index:12;}">
                <Coords points="540,1338 579,1335 619,1335 659,1332 699,1332 739,1330 779,1329 818,1329 858,1329 898,1329 938,1329 978,1326 1018,1326 1058,1328 1097,1327 1137,1326 1177,1326 1217,1326 1257,1327 1297,1330 1337,1335 1337,1290 1297,1285 1257,1282 1217,1281 1177,1281 1137,1281 1097,1282 1058,1283 1018,1281 978,1281 938,1284 898,1284 858,1284 818,1284 779,1284 739,1285 699,1287 659,1287 619,1290 579,1290 540,1293"/>
                <Baseline points="540,1323 579,1320 619,1320 659,1317 699,1317 739,1315 779,1314 818,1314 858,1314 898,1314 938,1314 978,1311 1018,1311 1058,1313 1097,1312 1137,1311 1177,1311 1217,1311 1257,1312 1297,1315 1337,1320"/>
                <TextEquiv>
                    <Unicode>Non aut̃ per hussitas qui</Unicode>
                </TextEquiv>
            </TextLine>
            <TextLine id="tr_1_tl_14" custom="readingOrder {index:13;}">
                <Coords points="552,1403 592,1403 632,1403 672,1399 713,1397 753,1397 793,1396 834,1394 874,1393 914,1391 955,1394 995,1391 1035,1391 1075,1391 1116,1391 1156,1391 1196,1390 1237,1389 1277,1391 1317,1391 1358,1391 1358,1346 1317,1346 1277,1346 1237,1344 1196,1345 1156,1346 1116,1346 1075,1346 1035,1346 995,1346 955,1349 914,1346 874,1348 834,1349 793,1351 753,1352 713,1352 672,1354 632,1358 592,1358 552,1358"/>
                <Baseline points="552,1388 592,1388 632,1388 672,1384 713,1382 753,1382 793,1381 834,1379 874,1378 914,1376 955,1379 995,1376 1035,1376 1075,1376 1116,1376 1156,1376 1196,1375 1237,1374 1277,1376 1317,1376 1358,1376"/>
                <TextEquiv>
                    <Unicode>cũ sua libertate p̃dicandi um̃̃</Unicode>
                </TextEquiv>
            </TextLine>
            <TextLine id="tr_1_tl_15" custom="readingOrder {index:14;}">
                <Coords points="558,1469 598,1467 639,1468 680,1469 721,1468 761,1465 802,1463 843,1463 884,1460 924,1460 965,1460 1006,1458 1047,1459 1087,1458 1128,1459 1169,1459 1210,1458 1250,1459 1291,1457 1332,1457 1373,1460 1373,1415 1332,1412 1291,1412 1250,1414 1210,1413 1169,1414 1128,1414 1087,1413 1047,1414 1006,1413 965,1415 924,1415 884,1415 843,1418 802,1418 761,1420 721,1423 680,1424 639,1423 598,1422 558,1424"/>
                <Baseline points="558,1454 598,1452 639,1453 680,1454 721,1453 761,1450 802,1448 843,1448 884,1445 924,1445 965,1445 1006,1443 1047,1444 1087,1443 1128,1444 1169,1444 1210,1443 1250,1444 1291,1442 1332,1442 1373,1445"/>
                <TextEquiv>
                    <Unicode>dm̃ Et ipsa uerba dñi ꝑu̾se</Unicode>
                </TextEquiv>
            </TextLine>
            <TextLine id="tr_1_tl_16" custom="readingOrder {index:15;}">
                <Coords points="570,1535 608,1535 646,1533 684,1532 722,1532 761,1531 799,1529 837,1529 875,1529 913,1529 952,1529 990,1529 1028,1529 1066,1529 1104,1529 1143,1529 1181,1529 1219,1529 1257,1529 1295,1529 1334,1529 1334,1484 1295,1484 1257,1484 1219,1484 1181,1484 1143,1484 1104,1484 1066,1484 1028,1484 990,1484 952,1484 913,1484 875,1484 837,1484 799,1484 761,1486 722,1487 684,1487 646,1488 608,1490 570,1490"/>
                <Baseline points="570,1520 608,1520 646,1518 684,1517 722,1517 761,1516 799,1514 837,1514 875,1514 913,1514 952,1514 990,1514 1028,1514 1066,1514 1104,1514 1143,1514 1181,1514 1219,1514 1257,1514 1295,1514 1369,1512"/>
                <TextEquiv>
                    <Unicode>exponẽdo młtos errores et</Unicode>
                </TextEquiv>
            </TextLine>
            <TextLine id="tr_1_tl_17" custom="readingOrder {index:16;}">
                <Coords points="576,1612 613,1604 651,1603 689,1603 727,1603 765,1603 803,1603 841,1603 879,1603 917,1603 955,1601 992,1600 1030,1600 1068,1600 1106,1600 1144,1598 1182,1595 1220,1594 1258,1593 1296,1591 1334,1591 1334,1546 1296,1546 1258,1548 1220,1549 1182,1550 1144,1553 1106,1555 1068,1555 1030,1555 992,1555 955,1556 917,1558 879,1558 841,1558 803,1558 765,1558 727,1558 689,1558 651,1558 613,1559 576,1567"/>
                <Baseline points="576,1597 613,1589 651,1588 689,1588 727,1588 765,1588 803,1588 841,1588 879,1588 917,1588 955,1586 992,1585 1030,1585 1068,1585 1106,1585 1144,1583 1182,1580 1220,1579 1258,1578 1296,1576 1361,1576"/>
                <TextEquiv>
                    <Unicode>sectas induxerũt ⁊ regnũ</Unicode>
                </TextEquiv>
            </TextLine>
            <TextLine id="tr_1_tl_18" custom="readingOrder {index:17;}">
                <Coords points="570,1675 609,1672 649,1672 688,1672 728,1669 767,1669 807,1671 846,1671 886,1669 925,1669 965,1669 1005,1672 1044,1669 1084,1671 1123,1668 1163,1668 1202,1668 1242,1666 1281,1666 1321,1666 1361,1669 1361,1624 1321,1621 1281,1621 1242,1621 1202,1623 1163,1623 1123,1623 1084,1626 1044,1624 1005,1627 965,1624 925,1624 886,1624 846,1626 807,1626 767,1624 728,1624 688,1627 649,1627 609,1627 570,1630"/>
                <Baseline points="570,1660 609,1657 649,1657 688,1657 728,1654 767,1654 807,1656 846,1656 886,1654 925,1654 965,1654 1005,1657 1044,1654 1084,1656 1123,1653 1163,1653 1202,1653 1242,1651 1281,1651 1321,1651 1382,1652"/>
                <TextEquiv>
                    <Unicode>bohemie sił cũ r̾ligiõe dest̾x-</Unicode>
                </TextEquiv>
            </TextLine>
            <TextLine id="tr_1_tl_19" custom="readingOrder {index:18;} unclear {offset:6; length:2;}">
                <Coords points="570,1747 608,1747 647,1745 685,1744 724,1744 763,1744 801,1744 840,1747 879,1744 917,1744 956,1742 995,1741 1033,1740 1072,1739 1111,1744 1149,1741 1188,1743 1227,1744 1265,1744 1304,1746 1343,1747 1343,1702 1304,1701 1265,1699 1227,1699 1188,1698 1149,1696 1111,1699 1072,1694 1033,1695 995,1696 956,1697 917,1699 879,1699 840,1702 801,1699 763,1699 724,1699 685,1699 647,1700 608,1702 570,1702"/>
                <Baseline points="570,1732 608,1732 647,1730 685,1729 724,1729 763,1729 801,1729 840,1732 879,1729 917,1729 956,1727 995,1726 1033,1725 1072,1724 1111,1729 1149,1726 1188,1728 1227,1729 1265,1729 1304,1731 1343,1732"/>
                <TextEquiv>
                    <Unicode>erunt etc se᷑ calũ 14ᵐ etc</Unicode>
                </TextEquiv>
            </TextLine>
            <TextLine id="tr_1_tl_20" custom="readingOrder {index:19;} unclear {offset:25; length:3;}">
                <Coords points="558,1817 597,1817 636,1817 676,1814 715,1814 755,1812 794,1813 833,1812 873,1811 912,1811 952,1811 991,1811 1030,1811 1070,1811 1109,1809 1149,1808 1188,1809 1227,1811 1267,1812 1306,1814 1346,1814 1346,1772 1306,1772 1267,1770 1227,1769 1188,1767 1149,1766 1109,1767 1070,1769 1030,1769 991,1769 952,1769 912,1769 873,1769 833,1770 794,1771 755,1770 715,1772 676,1772 636,1775 597,1775 558,1775"/>
                <Baseline points="558,1803 597,1803 636,1803 676,1800 715,1800 755,1798 794,1799 833,1798 873,1797 912,1797 952,1797 991,1797 1030,1797 1070,1797 1109,1795 1149,1794 1188,1795 1227,1797 1267,1798 1306,1800 1346,1800"/>
                <TextEquiv>
                    <Unicode>Ad illud uero qd dicitur etc</Unicode>
                </TextEquiv>
            </TextLine>
            <TextLine id="tr_1_tl_21" custom="readingOrder {index:20;}">
                <Coords points="573,1882 612,1875 651,1870 690,1870 729,1870 768,1873 807,1871 846,1872 885,1873 924,1873 964,1873 1003,1873 1042,1876 1081,1871 1120,1870 1159,1872 1198,1872 1237,1870 1276,1870 1315,1870 1355,1873 1355,1834 1315,1831 1276,1831 1237,1831 1198,1833 1159,1833 1120,1831 1081,1832 1042,1837 1003,1834 964,1834 924,1834 885,1834 846,1833 807,1832 768,1834 729,1831 690,1831 651,1831 612,1836 573,1843"/>
                <Baseline points="573,1869 612,1862 651,1857 690,1857 729,1857 768,1860 807,1858 846,1859 885,1860 924,1860 964,1860 1003,1860 1042,1863 1081,1858 1120,1857 1159,1859 1198,1859 1237,1857 1276,1857 1315,1857 1355,1860"/>
                <TextEquiv>
                    <Unicode>Sequit᷑ ĩ seꝙ̃ti sext̾no ⁊ hͥ nõ</Unicode>
                </TextEquiv>
            </TextLine>
            <TextLine id="tr_1_tl_22" custom="readingOrder {index:21;}">
                <Coords points="570,1936 609,1936 649,1936 689,1933 728,1933 768,1933 808,1935 847,1936 887,1935 927,1932 967,1930 1006,1930 1046,1930 1086,1932 1125,1931 1165,1930 1205,1930 1244,1930 1284,1930 1324,1930 1364,1930 1364,1891 1324,1891 1284,1891 1244,1891 1205,1891 1165,1891 1125,1892 1086,1893 1046,1891 1006,1891 967,1891 927,1893 887,1896 847,1897 808,1896 768,1894 728,1894 689,1894 649,1897 609,1897 570,1897"/>
                <Baseline points="570,1923 609,1923 649,1923 689,1920 728,1920 768,1920 808,1922 847,1923 887,1922 927,1919 967,1917 1006,1917 1046,1917 1086,1919 1125,1918 1165,1917 1205,1917 1244,1917 1284,1917 1324,1917 1364,1917"/>
                <TextEquiv>
                    <Unicode>est defectꝰ ⁊ diu̾sitas scp̃toꝵ hoꝵ</Unicode>
                </TextEquiv>
            </TextLine>
            <TextLine id="tr_1_tl_23" custom="readingOrder {index:22;} unclear {offset:26; length:3;}">
                <Coords points="579,2014 616,2010 654,2006 691,2003 729,1998 767,1995 804,1994 842,1994 880,1994 917,1994 955,1994 993,1992 1030,1993 1068,1994 1106,1993 1143,1991 1181,1994 1219,2000 1256,2006 1294,2011 1332,2014 1332,1972 1294,1969 1256,1964 1219,1958 1181,1952 1143,1949 1106,1951 1068,1952 1030,1951 993,1950 955,1952 917,1952 880,1952 842,1952 804,1952 767,1953 729,1956 691,1961 654,1964 616,1968 579,1972"/>
                <Baseline points="579,2000 616,1996 654,1992 691,1989 729,1984 767,1981 804,1980 842,1980 880,1980 917,1980 955,1980 993,1978 1030,1979 1068,1980 1106,1979 1143,1977 1181,1980 1219,1986 1256,1992 1294,1997 1332,2000"/>
                <TextEquiv>
                    <Unicode>sc; sext̾noꝵ est ĩ causa etc</Unicode>
                </TextEquiv>
            </TextLine>
        </TextRegion>
    </Page>
</PcGts>
