3855 5575
972 737 3500 794 que ut fructuosius differe̾/ gracuis q; ĩ mediũ possumus
982 810 3503 902 deduce̾/ ad fontẽ grẽ mẽtis cũ deuotioñ r̾c᷑rẽtes ange
982 928 3494 1020 licũ dne sibi g̃tissiᵐ offe̾amꝯ dne ĩquiẽtes grã plena
967 1088 3602 1180 Dedi te in lucem genciũ loco ⁊ ca ͦ quibꝯ s̃ et si ad lrã;
1171 1182 3574 1249 hec que  ꝓprosuiꝯ thematꝭ uã/ de xpõ ua̾ luce q̾ o;̃ hoie;
987 1270 3545 1337 illuiãt ueniẽte ĩ hũc mũdũ/ ccꝭ uas electiõis btũs paulꝯ
969 1395 3511 1448 dctuũ xiii accipiat/ docẽs ĩ synagogꝭ antyochie de ꝯuer
953 1484 3511 1556 sioñ gẽtiũ ad fidẽ orthodoxiã id  ꝓphetico p̃missꝭ uaticinio
975 1587 3471 1676 uob̃ ĩquiẽs oꝑtebat p̾mũ loqui um̃̃ dei s; qm̃ repulistis
950 1696 3413 1775 illud et ĩdignos uos indicatꝭ uite etn̾e/ Ecce ꝯuertim᷑
931 1796 3536 1867 ad gẽtes/ sic enĩ p̃cepit nobis dñs/ posui te ĩ lucẽ gẽtibꝯ
906 1921 3525 1974 ut sis in salutẽ usq; ad exͤmũ tu̾e/ Ipsa tñ  ꝓ paruitatꝭ
947 2026 3469 2084 mee modulo/ duplici ꝯsida̾tioñ/  ꝓposito nr̃o adaptare
961 2120 3476 2190 decͤui/ Quaꝵ p̾ ͣ c̾ca heroyce uite solimitatẽ
929 2234 3511 2289 ꝑuuli hodie nati ⁊ ĩ lucẽ gẽtiũ t̃diti/ paululũ ĩsudabit
929 2329 3628 2412 /Scđa uo̾ huiꝰ sac̃tissĩe synodi/ tam diu defida̾ta oꝑa  ꝓq̾ꝰ
922 2424 3491 2493 desudat ut luceãt plus solito gẽtilit̾ uniẽtibꝰ/ sd ipsa  ꝓ luce
918 2524 3546 2601 labẽtꝭ seculi erecta dinostit᷑/ ab mẽoriã aliꝙ̃ tuũ r̾notabᵗ
1802 2584 2221 2617 //ut arbitror
930 2629 3488 2710 ree uacat a miste̾io̾ prẽs amplissimi ĩ omĩ sciͭꝭ ac ui̾tatꝭ
902 2723 3510 2820 luce p̃clari/  qr thẽ ad luã;  ꝓphetatũ de dnõ ad seruulũ scã
936 2827 3556 2899 uoluit adaptaẽ ecclesia/ huic nẽpe ĩ falli ᷝ ͥ ᷤ ueritas testioⁿ ͥ
933 2924 3498 2997 ꝑhibet qr erat luc̾na ardẽns ⁊ lucẽs Ioħanis 5ᵒ/ luc̾na
945 3023 3472 3125 ĩ  ꝙ̃ 2ᵐ glosã alcuini a xᵒ singlai̾ꝰ illmãta ardẽs fide ⁊
946 3137 3533 3200 dilcõne/ lucẽs uõ ⁊ actione ĩ ardẽs   ꝑ grã; lucẽs  ꝑ doct̾nã
944 3218 3502 3313 ardẽs  ꝑ nit̾nã cariᵗᵉ; lucẽs  ꝑ exti̾ore uite honestatẽ
930 3334 3588 3415 ardẽs  qͦ ad  ꝑfectiõ; affectus/ ⁊ lucẽs qͦ ad  ꝑfectiõ; intellẽs
953 3441 3506 3510 ̃uc̾na nõ suffocata a̾ modio supposita s; ardẽs nõ tene
969 3551 3512 3618 brosa s; lucẽs/ lucẽs uõ ⁊ scã p̃dicaᵒⁿ lucẽs exͦ ⁊ scã ꝯu̾
953 3646 3495 3747 satiõn/ qđ ÷  ꝑfectũ/ nã ut ĩ ꝙ ru̾dꝰ ardẽs scm̃ est lucẽ
923 3762 3499 3836 bonũ/ ardẽ tm̃ ⁊ lucẽ  ꝑfectũ/ hic g ͦ dñĩs Iõħs digne
941 3841 3529 3959 testiõᵒ luc̾na ardẽs ⁊ lucẽs apꝑbat᷑/ qr spũs sc̃i
934 3944 3499 4046 igne succẽsꝰ/ ut mũdo ignorãtie posẜo nubilo lum̃e
947 4055 3605 4153 salutꝭ ostẽdet/ et qñ ĩt̾ densissiãs delictoꝵ tenebras spłe
939 4142 3542 4271 ÷ didissiᵐ iusti ͤ sołe lucꝭ sue radio d̾mõst̃r;/ datꝰ  ĩ lucẽ
956 4267 3452 4380 gentiũ i ppłoꝵ gẽtilit̾ uniẽtiũ/ digne deserto ꝯꝑaudoꝵ
