2625 3781
371 454 1218 534 spiritualis p͂supponit desideriũ
382 514 1228 573 et cet̾a male allegat² qͥa ibi nõ
373 576 1260 646 põitur in Responsiõe Ad qõ; Auc͂s
374 631 1291 713 Xͥ nisi mãducau̾itꝭ ⁊c͂ posuit malꝰ
393 706 1225 778 ̾allegator eiꝰ Solucⁱo auct̾is scĩ
375 782 1258 845 Ieo̾mi Sac̾dotes qui eukaᵉ sᵉui
390 842 1235 903 ũt ⁊ꝭ Et  ꝙ ꝯͣntũ ad ꝯsectacoon͂;
402 916 1242 974 in hͦ sacrãm͂t͂o nł  mĩꝰ ꝑficitur
367 983 1257 1045 a malo sacerdote quã a bono ⁊ꝭ
112 1072 368 1134 Capm 4ᵐ caͥlu͂ 4ͫ
318 1075 1237 1158 Solucⁱo dc͂i sc͂i Cip̾ani Sci̾e deᷨtꝭ
358 1143 1271 1211 ⁊  ꝓ certo crede̾ ⁊ꝭ / Et soluit² per
368 1216 1250 1285 ipiꝰ sa͂ Cip̾ani vᷨa / Solucͥo dc͂i
352 1282 1279 1358 sc͂i Cip̾ani quõ dicimꝰ au͂  ꝓvoca͂ꝰ
384 1355 1307 1423 eos ⁊ꝭ Et  ꝙ v̾ba sc͂i Cip̾ani de
398 1427 1283 1491 clarĩt eos nõ posse esse ydoneos
385 1495 1275 1557 as martiriũ / qã obedi͂eciã ec͂c͂ie
368 1555 1273 1631 abiecerũt / Solucͥo dc͂i sc͂i Grͤgori
372 1616 1292 1693 Quisnã sit sang̾s agni / Solucⁱo
370 1696 1275 1763 dc͂i eiusd; Eius sag̾s ⁊ꝭ Solucⁱo
366 1768 1281 1830 dc͂i Bede  ꝗͦ dilexit vos ⁊ lauit
359 1820 1296 1901 ⁊ꝭ Solucⁱo dc͂i Fulgencii Cu͂ dice̾t
383 1909 1276 1969 idem maggnꝰ pontifex ⁊ꝭ Solucⁱo
383 1986 1255 2043 sc͂i Orifenis  / Dica͂t ̾go nõs qⁱs
373 2039 1277 2117 e͂ ipse ppl͂us ⁊ꝭ / Et dictũ eiꝰ e͂ qͬ
357 2118 1290 2181 hussitas qr ꝯf̾mat expotõ; vᵉo͂rꝝ
362 2186 1254 2256 Xⁱ / Nisi mãducav̾itꝭ ⁊ꝭ pͬimo po
363 2252 1267 2325 sita͂ ui;  ꝙ audie͂do vᷨa Xͥ fide
378 2321 1250 2370 les ma͂duca͂t carnẽ ⁊ bibu͂t
1286 2372 2241 2447 Saguis XPi͂ dispensatur ⁊ꝭ So
373 2369 1249 2461 Sag͂uĩe XPĩ / Et in hͦ secuᵗr eu͂ qͥ
393 2448 1281 2514 dixit Nisi ma͂ducau̾itꝭ Soluͦ
369 2533 1272 2596 auc͂tis Ambrosii / Hec domꝰ tͥ
364 2592 1278 2670 rite dedicata ⁊ꝭ qr naʳrat histo
390 2645 1196 2714 riam ⁊ꝭ Capitulu͂ qui͂tum
108 2700 335 2733 se² calu͂ 4ᵐ
326 2727 1240 2803 Solucͥo dicti Damasceni dũs
403 2792 1266 2853 nr͂ Ihũs XPũs qui dͤ celo de
370 2841 1272 2929 scendit ⁊ꝭ Et  ꝑ eiꝰ dc͂u; nõ hẽ²
387 2917 1279 2994 q͂d͂ xpũs dede̾t o͂ĩ credẽti per
403 3016 1274 3074 applõs ꝯmõ; su utq; spẽ Nec
1329 454 2162 520 dandam statuit Et ꝙ applũs
1330 515 2165 580 no͂ statuit  ꝙ dutaʳet sic usq; ad
1327 575 2192 646 diem iudicii et  ꝙ nõ ẽ p͂ceptũ qⁱbꝰ
1324 645 2251 716 o͂i͂bus ꝯͣria finxit manus espoᷤitor
1318 707 2198 773 ex eius dc͂o ꝯcludi Solucⁱo dc͂i
1311 778 2238 850 Beati Augustini Pasti in ꝯspᶜtu
1320 841 2227 914 meo mensam ad versus eos qui
1315 900 2214 995 tribulant me Solucͥo au͂ctis sc͂i
1305 979 2202 1052 Ambrosii De corꝑe inq; XPi͂
1306 1059 2167 1117 Medicina ⁊ꝭ Et  ꝙ eiꝰ dico͂
1335 1114 2240 1184 ꝯcluditur  ꝙ hussite qⁱ se ab uniᵗᵉ
1338 1184 2272 1255 ec͂c͂ie diuiserũt sꝑ sumũt sacrm͂
1316 1239 2181 1310 indigne Et t͂m puĩent² ac si
1299 1308 2222 1388 XPu; int̾fice̾t Et  ꝙ fideles nõ
1326 1378 2253 1449 aliter sumãt sacrm͂;  ꝙ͂ Xꝰ i͂stituᵗ
1315 1441 2303 1516 Solucⁱo dc͂i bt͂i Ambᵒii Capm xᵐ VIᵐ
2330 1448 2460 1488 caᵐ VIᵐ
1296 1491 2220 1558 Hꝰ sacram͂ti Ritu ⁊ꝭ Solucͥo dc͂i
1313 1575 2212 1652 sc͂i Cip̾ani ꝙ͂ꝙ͂ scia͂ fr͂ kri͂me ⁊ꝭ
1315 1633 2230 1713 qa͂ solu͂ rep̾hndit eos qⁱ no͂ offe̾
1341 1705 2271 1771 bant calicem uini cu͂ aqua mixti
1317 1775 2244 1841 ut; i͂ eius verbis  ꝗ͂ male allega
1313 1844 2272 1905 tor tacuit Et ha͂tur i͂ eius auc͂ᵗᵉ
1298 1909 2201 1983 seque͂ti vic; si qⁱs de a͂ntessoribꝰ
1325 1970 2240 2046 norĩs uɫ igᵒrant̾ ⁊ꝭ Eiꝰ solucⁱo
1331 2044 2256 2107 ibid; adiu͂gitur Solucⁱo dc͂i Cip̾aĩ
1316 2096 2250 2172 Illud e͂ ministeriũ Solucⁱo dc͂i bt͂i
1294 2167 2153 2249 B̾nhardi  ꝑponit² igitur spẽs
1311 2249 2263 2315 Solucⁱo dc͂i Sancti Thome  ꝙ͂uis
1317 2312 2208 2384 totꝰ XPu͂s ⁊ꝭ  Solucⁱo dc͂i eiusd;
1305 2445 2320 2567 lucⁱo dc͂i Augustⁿi q͂m glo̾iosa Caᵐ 7ᵐ
2353 2475 2463 2513 caᵐ 7ᵐ
1332 2525 2171 2582 Solucͥo dc͂i dmi͂ alberti magni
1300 2580 2168 2655 Vn͂ leunt͂ꝭ 2ͦ dt͂  ꝙ ał ꝙ non
1342 2671 2219 2723 rui͂at ⁊ꝭ Et  ꝙ ipẽ tenuit  ꝙ vⁱ
1336 2722 2188 2801 nõ he͂tur vinu͂ esset bonu͂  ꝙ
1322 2787 2292 2871 dispensaʳetur ut poss; sub sola una
1305 2851 2177 2938 spẽ ꝯficie͂do celebra̾i qr corpꝰ
1321 2933 2208 2992 nõ ẽ sñ sagⁱne / Solucⁱo dicti
1345 3022 2232 3066 eiuscde͂ oñis sc͂ũs ⁊ꝭ Solucⁱo dc͂i
