<?xml version="1.0" encoding="UTF-8" standalone="yes"?>
<PcGts xmlns="http://schema.primaresearch.org/PAGE/gts/pagecontent/2013-07-15" xmlns:xsi="http://www.w3.org/2001/XMLSchema-instance" xsi:schemaLocation="http://schema.primaresearch.org/PAGE/gts/pagecontent/2013-07-15 http://schema.primaresearch.org/PAGE/gts/pagecontent/2013-07-15/pagecontent.xsd">
    <Metadata>
        <Creator>Transkribus</Creator>
        <Created>2024-11-08T10:21:11.086+01:00</Created>
        <LastChange>2024-12-04T22:35:16.604+01:00</LastChange>
        <TranskribusMetadata docId="5059195" pageId="82698442" pageNr="76" tsid="209832325" status="DONE" userId="218628" imgUrl="https://files.transkribus.eu/Get?id=JGEFLBKQQLWFPCDDOLBVTNRR&amp;fileType=view" xmlUrl="https://files.transkribus.eu/Get?id=QHJIWQFEWZWIIHGICZBSPNGQ" imageId="68046663"/>
    </Metadata>
    <Page imageFilename="0076_DTL_3262558-0076.jpeg" imageWidth="2625" imageHeight="3781">
        <ReadingOrder>
            <OrderedGroup id="ro_1734604253114" caption="Regions reading order">
                <RegionRefIndexed index="0" regionRef="tr_1"/>
                <RegionRefIndexed index="1" regionRef="tr_2"/>
            </OrderedGroup>
        </ReadingOrder>
        <TextRegion orientation="0.0" id="tr_1" custom="readingOrder {index:0;}">
            <Coords points="292,493 292,3114 1251,3114 1251,493"/>
            <TextLine id="tr_1_tl_1" custom="readingOrder {index:0;}">
                <Coords points="364,542 406,536 448,539 490,539 532,539 574,539 616,539 658,539 700,539 742,539 785,540 827,542 869,542 911,542 953,542 995,545 1037,545 1079,545 1121,545 1163,545 1206,548 1206,505 1163,502 1121,502 1079,502 1037,502 995,502 953,499 911,499 869,499 827,499 785,497 742,496 700,496 658,496 616,496 574,496 532,496 490,496 448,496 406,493 364,499"/>
                <Baseline points="364,528 406,522 448,525 490,525 532,525 574,525 616,525 658,525 700,525 742,525 785,526 827,528 869,528 911,528 953,528 995,531 1037,531 1079,531 1121,531 1163,531 1206,534"/>
                <TextEquiv>
                    <Unicode>cibis sũme̾tur et cete̾ cerimonie</Unicode>
                </TextEquiv>
            </TextLine>
            <TextLine id="tr_1_tl_2" custom="readingOrder {index:1;}">
                <Coords points="364,608 405,608 447,608 489,608 531,605 573,605 614,605 656,605 698,603 740,604 782,605 823,605 865,605 907,605 949,605 991,606 1032,608 1074,608 1116,608 1158,605 1200,605 1200,563 1158,563 1116,566 1074,566 1032,566 991,564 949,563 907,563 865,563 823,563 782,563 740,562 698,561 656,563 614,563 573,563 531,563 489,566 447,566 405,566 364,566"/>
                <Baseline points="364,594 405,594 447,594 489,594 531,591 573,591 614,591 656,591 698,589 740,590 782,591 823,591 865,591 907,591 949,591 991,592 1032,594 1074,594 1116,594 1158,591 1200,591"/>
                <TextEquiv>
                    <Unicode>quas ipsẽ seruauit/ quia sic fa-</Unicode>
                </TextEquiv>
            </TextLine>
            <TextLine id="tr_1_tl_3" custom="readingOrder {index:2;}">
                <Coords points="370,674 414,671 458,671 502,671 546,674 590,674 634,671 678,671 722,671 766,674 810,674 854,674 898,676 942,677 986,677 1030,677 1074,679 1118,680 1162,680 1206,681 1251,682 1251,639 1206,638 1162,637 1118,637 1074,636 1030,634 986,634 942,634 898,633 854,631 810,631 766,631 722,628 678,628 634,628 590,631 546,631 502,628 458,628 414,628 370,631"/>
                <Baseline points="370,660 414,657 458,657 502,657 546,660 590,660 634,657 678,657 722,657 766,660 810,660 854,660 898,662 942,663 986,663 1030,663 1074,665 1118,666 1162,666 1206,667 1251,668"/>
                <TextEquiv>
                    <Unicode>cientes r̾p̃hũdũtur a btõ paulo</Unicode>
                </TextEquiv>
            </TextLine>
            <TextLine id="tr_1_tl_4" custom="readingOrder {index:3;}">
                <Coords points="349,736 389,731 430,730 470,734 511,734 552,735 592,736 633,736 673,736 714,736 755,739 795,739 836,736 876,738 917,739 958,739 998,740 1039,742 1079,742 1120,742 1161,742 1161,700 1120,700 1079,700 1039,700 998,698 958,697 917,697 876,696 836,694 795,697 755,697 714,694 673,694 633,694 592,694 552,693 511,692 470,692 430,688 389,689 349,694"/>
                <Baseline points="349,722 389,717 430,716 470,720 511,720 552,721 592,722 633,722 673,722 714,722 755,725 795,725 836,722 876,724 917,725 958,725 998,726 1039,728 1079,728 1120,728 1161,728"/>
                <TextEquiv>
                    <Unicode>p̾ᵃ Ad Corꝭ XIᵒ Unde btũs</Unicode>
                </TextEquiv>
            </TextLine>
            <TextLine id="tr_1_tl_5" custom="readingOrder {index:4;}">
                <Coords points="352,796 393,796 434,796 475,796 516,796 558,796 599,796 640,796 681,797 722,798 764,797 805,799 846,799 887,802 928,802 970,802 1011,804 1052,805 1093,805 1134,806 1176,811 1176,769 1134,764 1093,763 1052,763 1011,762 970,760 928,760 887,760 846,757 805,757 764,755 722,756 681,755 640,754 599,754 558,754 516,754 475,754 434,754 393,754 352,754"/>
                <Baseline points="352,782 393,782 434,782 475,782 516,782 558,782 599,782 640,782 681,783 722,784 764,783 805,785 846,785 887,788 928,788 970,788 1011,790 1052,791 1093,791 1134,792 1176,797"/>
                <TextEquiv>
                    <Unicode>Augustinꝰ in libro Rñ̃sionum</Unicode>
                </TextEquiv>
            </TextLine>
            <TextLine id="tr_1_tl_6" custom="readingOrder {index:5;}">
                <Coords points="361,867 401,862 442,861 483,861 524,859 564,858 605,858 646,858 687,859 727,860 768,858 809,861 850,861 890,863 931,864 972,866 1013,869 1053,869 1094,868 1135,870 1176,873 1176,833 1135,830 1094,828 1053,829 1013,829 972,826 931,824 890,823 850,821 809,821 768,818 727,820 687,819 646,818 605,818 564,818 524,819 483,821 442,821 401,822 361,827"/>
                <Baseline points="361,854 401,849 442,848 483,848 524,846 564,845 605,845 646,845 687,846 727,847 768,845 809,848 850,848 890,850 931,851 972,853 1013,856 1053,856 1094,855 1135,857 1176,860"/>
                <TextEquiv>
                    <Unicode>Ad Ianuariũ dicit liquido</Unicode>
                </TextEquiv>
            </TextLine>
            <TextLine id="tr_1_tl_7" custom="readingOrder {index:6;}">
                <Coords points="364,923 404,923 444,923 484,923 525,923 565,924 605,926 646,926 686,927 726,929 767,932 807,929 847,929 887,931 928,932 968,932 1008,932 1049,933 1089,935 1129,935 1170,938 1170,898 1129,895 1089,895 1049,893 1008,892 968,892 928,892 887,891 847,889 807,889 767,892 726,889 686,887 646,886 605,886 565,884 525,883 484,883 444,883 404,883 364,883"/>
                <Baseline points="364,910 404,910 444,910 484,910 525,910 565,911 605,913 646,913 686,914 726,916 767,919 807,916 847,916 887,918 928,919 968,919 1008,919 1049,920 1089,922 1129,922 1170,925"/>
                <TextEquiv>
                    <Unicode>apꝑet Cum p̾mo acceꝑunt</Unicode>
                </TextEquiv>
            </TextLine>
            <TextLine id="tr_1_tl_8" custom="readingOrder {index:7;}">
                <Coords points="364,981 406,984 449,987 491,987 534,987 576,987 619,989 661,992 704,993 746,995 789,997 832,999 874,999 917,1000 959,1003 1002,1005 1044,1005 1087,1005 1129,1008 1172,1008 1215,1014 1215,972 1172,966 1129,966 1087,963 1044,963 1002,963 959,961 917,958 874,957 832,957 789,955 746,953 704,951 661,950 619,947 576,945 534,945 491,945 449,945 406,942 364,939"/>
                <Baseline points="364,967 406,970 449,973 491,973 534,973 576,973 619,975 661,978 704,979 746,981 789,983 832,985 874,985 917,986 959,989 1002,991 1044,991 1087,991 1129,994 1172,994 1240,996"/>
                <TextEquiv>
                    <Unicode>discipuli euharistiã nõ eos acce-</Unicode>
                </TextEquiv>
            </TextLine>
            <TextLine id="tr_1_tl_9" custom="readingOrder {index:8;}">
                <Coords points="361,1056 402,1051 443,1050 484,1055 525,1056 566,1056 607,1057 648,1059 689,1060 730,1063 771,1065 812,1065 853,1068 894,1068 935,1070 976,1073 1017,1076 1058,1077 1099,1078 1140,1081 1182,1083 1182,1041 1140,1039 1099,1036 1058,1035 1017,1034 976,1031 935,1028 894,1026 853,1026 812,1023 771,1023 730,1021 689,1018 648,1017 607,1015 566,1014 525,1014 484,1013 443,1008 402,1009 361,1014"/>
                <Baseline points="361,1042 402,1037 443,1036 484,1041 525,1042 566,1042 607,1043 648,1045 689,1046 730,1049 771,1051 812,1051 853,1054 894,1054 935,1056 976,1059 1017,1062 1058,1063 1099,1064 1140,1067 1210,1068"/>
                <TextEquiv>
                    <Unicode>pisse ieiunos Non ideo tñ ca-</Unicode>
                </TextEquiv>
            </TextLine>
            <TextLine id="tr_1_tl_10" custom="readingOrder {index:9;}">
                <Coords points="361,1122 400,1117 439,1118 478,1121 518,1122 557,1122 596,1123 635,1125 675,1127 714,1130 753,1130 792,1132 832,1133 871,1133 910,1134 949,1136 989,1136 1028,1139 1067,1139 1106,1139 1146,1139 1146,1097 1106,1097 1067,1097 1028,1097 989,1094 949,1094 910,1092 871,1091 832,1091 792,1090 753,1088 714,1088 675,1085 635,1083 596,1081 557,1080 518,1080 478,1079 439,1076 400,1075 361,1080"/>
                <Baseline points="361,1108 400,1103 439,1104 478,1107 518,1108 557,1108 596,1109 635,1111 675,1113 714,1116 753,1116 792,1118 832,1119 871,1119 910,1120 949,1122 989,1122 1028,1125 1067,1125 1106,1125 1146,1125"/>
                <TextEquiv>
                    <Unicode>lup̃niandũ est/ uniu̾se eccĩe</Unicode>
                </TextEquiv>
            </TextLine>
            <TextLine id="tr_1_tl_11" custom="readingOrder {index:10;}">
                <Coords points="358,1178 402,1181 446,1184 490,1187 534,1187 578,1187 622,1187 667,1190 711,1190 755,1193 799,1193 843,1195 887,1198 932,1199 976,1199 1020,1201 1064,1202 1108,1202 1152,1204 1197,1208 1197,1166 1152,1162 1108,1160 1064,1160 1020,1159 976,1157 932,1157 887,1156 843,1153 799,1151 755,1151 711,1148 667,1148 622,1145 578,1145 534,1145 490,1145 446,1142 402,1139 358,1136"/>
                <Baseline points="358,1164 402,1167 446,1170 490,1173 534,1173 578,1173 622,1173 667,1176 711,1176 755,1179 799,1179 843,1181 887,1184 932,1185 976,1185 1020,1187 1064,1188 1108,1188 1152,1190 1197,1194"/>
                <TextEquiv>
                    <Unicode>ꝙ a ieiunis sũmitur sꝑ placuᵗ</Unicode>
                </TextEquiv>
            </TextLine>
            <TextLine id="tr_1_tl_12" custom="readingOrder {index:11;}">
                <Coords points="361,1238 400,1243 440,1246 480,1247 519,1249 559,1250 599,1251 638,1253 678,1253 718,1256 758,1259 797,1259 837,1261 877,1264 916,1266 956,1268 996,1269 1035,1271 1075,1271 1115,1274 1155,1274 1155,1231 1115,1231 1075,1228 1035,1228 996,1226 956,1225 916,1223 877,1221 837,1218 797,1216 758,1216 718,1213 678,1210 638,1210 599,1208 559,1207 519,1206 480,1204 440,1203 400,1200 361,1195"/>
                <Baseline points="361,1224 400,1229 440,1232 480,1233 519,1235 559,1236 599,1237 638,1239 678,1239 718,1242 758,1245 797,1245 837,1247 877,1250 916,1252 956,1254 996,1255 1035,1257 1075,1257 1115,1260 1155,1260"/>
                <TextEquiv>
                    <Unicode>enĩ spiritui scõ ut in honorẽ</Unicode>
                </TextEquiv>
            </TextLine>
            <TextLine id="tr_1_tl_13" custom="readingOrder {index:12;}">
                <Coords points="355,1313 396,1313 438,1313 480,1315 522,1316 564,1318 605,1319 647,1321 689,1323 731,1325 773,1325 814,1326 856,1329 898,1331 940,1331 982,1331 1023,1336 1065,1337 1107,1339 1149,1342 1191,1346 1191,1303 1149,1299 1107,1296 1065,1294 1023,1293 982,1288 940,1288 898,1288 856,1286 814,1283 773,1282 731,1282 689,1280 647,1278 605,1276 564,1275 522,1273 480,1272 438,1270 396,1270 355,1270"/>
                <Baseline points="355,1299 396,1299 438,1299 480,1301 522,1302 564,1304 605,1305 647,1307 689,1309 731,1311 773,1311 814,1312 856,1315 898,1317 940,1317 982,1317 1023,1322 1065,1323 1107,1325 1149,1328 1191,1332"/>
                <TextEquiv>
                    <Unicode>tanti sacͣmẽti p̾us in os x̾ani</Unicode>
                </TextEquiv>
            </TextLine>
            <TextLine id="tr_1_tl_14" custom="readingOrder {index:13;}">
                <Coords points="346,1378 385,1378 424,1378 464,1380 503,1381 543,1382 582,1385 621,1387 661,1387 700,1387 740,1389 779,1390 818,1390 858,1391 897,1394 937,1396 976,1396 1015,1396 1055,1396 1094,1396 1134,1393 1134,1350 1094,1353 1055,1353 1015,1353 976,1353 937,1353 897,1351 858,1348 818,1347 779,1347 740,1346 700,1344 661,1344 621,1344 582,1342 543,1339 503,1338 464,1337 424,1335 385,1335 346,1335"/>
                <Baseline points="346,1364 385,1364 424,1364 464,1366 503,1367 543,1368 582,1371 621,1373 661,1373 700,1373 740,1375 779,1376 818,1376 858,1377 897,1380 937,1382 976,1382 1015,1382 1055,1382 1094,1382 1134,1379"/>
                <TextEquiv>
                    <Unicode>dñicũ corpus intra̾et ꝙ̃ alii</Unicode>
                </TextEquiv>
            </TextLine>
            <TextLine id="tr_1_tl_15" custom="readingOrder {index:14;}">
                <Coords points="355,1444 397,1441 440,1441 482,1444 525,1446 567,1447 610,1449 652,1452 695,1453 737,1453 780,1454 823,1456 865,1456 908,1457 950,1460 993,1462 1035,1463 1078,1465 1120,1465 1163,1465 1206,1459 1206,1416 1163,1422 1120,1422 1078,1422 1035,1420 993,1419 950,1417 908,1414 865,1413 823,1413 780,1411 737,1410 695,1410 652,1409 610,1406 567,1404 525,1403 482,1401 440,1398 397,1398 355,1401"/>
                <Baseline points="355,1430 397,1427 440,1427 482,1430 525,1432 567,1433 610,1435 652,1438 695,1439 737,1439 780,1440 823,1442 865,1442 908,1443 950,1446 993,1448 1035,1449 1078,1451 1120,1451 1163,1451 1206,1445"/>
                <TextEquiv>
                    <Unicode>cibi Ideoꝙ ubiꝙ mos iste ser</Unicode>
                </TextEquiv>
            </TextLine>
            <TextLine id="tr_1_tl_16" custom="readingOrder {index:15;}">
                <Coords points="349,1507 388,1504 428,1506 468,1509 507,1512 547,1514 587,1517 626,1519 666,1519 706,1522 746,1522 785,1524 825,1525 865,1527 904,1529 944,1531 984,1531 1023,1531 1063,1534 1103,1534 1143,1537 1143,1494 1103,1491 1063,1491 1023,1488 984,1488 944,1488 904,1486 865,1484 825,1482 785,1481 746,1479 706,1479 666,1476 626,1476 587,1474 547,1471 507,1469 468,1466 428,1463 388,1461 349,1464"/>
                <Baseline points="349,1493 388,1490 428,1492 468,1495 507,1498 547,1500 587,1503 626,1505 666,1505 706,1508 746,1508 785,1510 825,1511 865,1513 904,1515 944,1517 984,1517 1023,1517 1063,1520 1103,1520 1143,1523"/>
                <TextEquiv>
                    <Unicode>uatur Non enĩ qr post cibos</Unicode>
                </TextEquiv>
            </TextLine>
            <TextLine id="tr_1_tl_17" custom="readingOrder {index:16;}">
                <Coords points="346,1575 390,1578 434,1578 478,1578 522,1578 566,1578 610,1581 655,1581 699,1584 743,1584 787,1587 831,1589 875,1592 920,1595 964,1598 1008,1599 1052,1601 1096,1602 1140,1604 1185,1608 1185,1565 1140,1561 1096,1559 1052,1558 1008,1556 964,1555 920,1552 875,1549 831,1546 787,1544 743,1541 699,1541 655,1538 610,1538 566,1535 522,1535 478,1535 434,1535 390,1535 346,1532"/>
                <Baseline points="346,1561 390,1564 434,1564 478,1564 522,1564 566,1564 610,1567 655,1567 699,1570 743,1570 787,1573 831,1575 875,1578 920,1581 964,1584 1008,1585 1052,1587 1096,1588 1140,1590 1185,1594"/>
                <TextEquiv>
                    <Unicode>dedit dñs ideo pransi ũl cenati</Unicode>
                </TextEquiv>
            </TextLine>
            <TextLine id="tr_1_tl_18" custom="readingOrder {index:17;}">
                <Coords points="340,1647 380,1647 420,1645 460,1646 500,1647 540,1647 580,1649 620,1652 660,1650 700,1653 740,1653 780,1658 820,1659 860,1661 900,1664 940,1665 980,1665 1020,1666 1060,1668 1100,1668 1140,1671 1140,1628 1100,1625 1060,1625 1020,1623 980,1622 940,1622 900,1621 860,1618 820,1616 780,1615 740,1610 700,1610 660,1607 620,1609 580,1606 540,1604 500,1604 460,1603 420,1602 380,1604 340,1604"/>
                <Baseline points="340,1633 380,1633 420,1631 460,1632 500,1633 540,1633 580,1635 620,1638 660,1636 700,1639 740,1639 780,1644 820,1645 860,1647 900,1650 940,1651 980,1651 1020,1652 1060,1654 1100,1654 1140,1657"/>
                <TextEquiv>
                    <Unicode>illud acciꝑet debe̾nt ut illi</Unicode>
                </TextEquiv>
            </TextLine>
            <TextLine id="tr_1_tl_19" custom="readingOrder {index:18;}">
                <Coords points="352,1710 392,1707 432,1709 473,1710 513,1712 554,1713 594,1714 635,1717 675,1719 716,1719 756,1722 796,1725 837,1725 877,1727 918,1730 958,1733 999,1734 1039,1735 1080,1737 1120,1737 1161,1740 1161,1697 1120,1694 1080,1694 1039,1692 999,1691 958,1690 918,1687 877,1684 837,1682 796,1682 756,1679 716,1676 675,1676 635,1674 594,1671 554,1670 513,1669 473,1667 432,1666 392,1664 352,1667"/>
                <Baseline points="352,1696 392,1693 432,1695 473,1696 513,1698 554,1699 594,1700 635,1703 675,1705 716,1705 756,1708 796,1711 837,1711 877,1713 918,1716 958,1719 999,1720 1039,1721 1080,1723 1120,1723 1194,1730"/>
                <TextEquiv>
                    <Unicode>faciebãt/ quos appłos r̃darguᵗ</Unicode>
                </TextEquiv>
            </TextLine>
            <TextLine id="tr_1_tl_20" custom="readingOrder {index:19;}">
                <Coords points="346,1773 384,1776 422,1778 461,1781 499,1782 537,1782 576,1782 614,1785 652,1787 691,1788 729,1788 767,1789 806,1791 844,1791 882,1793 921,1793 959,1795 997,1798 1036,1800 1074,1802 1113,1802 1113,1759 1074,1759 1036,1757 997,1755 959,1752 921,1750 882,1750 844,1748 806,1748 767,1746 729,1745 691,1745 652,1744 614,1742 576,1739 537,1739 499,1739 461,1738 422,1735 384,1733 346,1730"/>
                <Baseline points="346,1759 384,1762 422,1764 461,1767 499,1768 537,1768 576,1768 614,1771 652,1773 691,1774 729,1774 767,1775 806,1777 844,1777 882,1779 921,1779 959,1781 997,1784 1036,1786 1074,1788 1113,1788"/>
                <TextEquiv>
                    <Unicode>et emẽdat mẽsis suis ista</Unicode>
                </TextEquiv>
            </TextLine>
            <TextLine id="tr_1_tl_21" custom="readingOrder {index:20;}">
                <Coords points="334,1841 376,1841 418,1844 460,1844 502,1849 544,1850 586,1852 628,1855 670,1854 712,1854 755,1857 797,1859 839,1861 881,1866 923,1868 965,1871 1007,1874 1049,1877 1091,1880 1133,1885 1176,1886 1176,1843 1133,1842 1091,1837 1049,1834 1007,1831 965,1828 923,1825 881,1823 839,1818 797,1816 755,1814 712,1811 670,1811 628,1812 586,1809 544,1807 502,1806 460,1801 418,1801 376,1798 334,1798"/>
                <Baseline points="334,1827 376,1827 418,1830 460,1830 502,1835 544,1836 586,1838 628,1841 670,1840 712,1840 755,1843 797,1845 839,1847 881,1852 923,1854 965,1857 1007,1860 1049,1863 1091,1866 1133,1871 1222,1872"/>
                <TextEquiv>
                    <Unicode>misce̾ Aliã saluator quo vehe-</Unicode>
                </TextEquiv>
            </TextLine>
            <TextLine id="tr_1_tl_22" custom="readingOrder {index:21;}">
                <Coords points="337,1910 376,1907 416,1907 455,1909 495,1912 534,1914 574,1916 613,1916 653,1919 692,1922 732,1924 772,1927 811,1930 851,1931 890,1932 930,1935 969,1937 1009,1940 1048,1940 1088,1942 1128,1943 1128,1900 1088,1899 1048,1897 1009,1897 969,1894 930,1892 890,1889 851,1888 811,1887 772,1884 732,1881 692,1879 653,1876 613,1873 574,1873 534,1871 495,1869 455,1866 416,1864 376,1864 337,1867"/>
                <Baseline points="337,1896 376,1893 416,1893 455,1895 495,1898 534,1900 574,1902 613,1902 653,1905 692,1908 732,1910 772,1913 811,1916 851,1917 890,1918 930,1921 969,1923 1009,1926 1048,1926 1088,1928 1128,1929"/>
                <TextEquiv>
                    <Unicode>mentius ꝯmẽdaret misterii</Unicode>
                </TextEquiv>
            </TextLine>
            <TextLine id="tr_1_tl_23" custom="readingOrder {index:22;}">
                <Coords points="334,1976 378,1973 422,1973 466,1976 510,1979 554,1979 598,1982 643,1985 687,1988 731,1991 775,1991 819,1993 863,1999 908,2002 952,2008 996,2011 1040,2012 1084,2014 1128,2015 1173,2017 1173,1974 1128,1972 1084,1971 1040,1969 996,1968 952,1965 908,1959 863,1956 819,1950 775,1948 731,1948 687,1945 643,1942 598,1939 554,1936 510,1936 466,1933 422,1930 378,1930 334,1933"/>
                <Baseline points="334,1962 378,1959 422,1959 466,1962 510,1965 554,1965 598,1968 643,1971 687,1974 731,1977 775,1977 819,1979 863,1985 908,1988 952,1994 996,1997 1040,1998 1084,2000 1128,2001 1224,2003"/>
                <TextEquiv>
                    <Unicode>illius altitudiẽm ultiᵐ hoc uo-</Unicode>
                </TextEquiv>
            </TextLine>
            <TextLine id="tr_1_tl_24" custom="readingOrder {index:23;}">
                <Coords points="328,2038 370,2038 412,2038 455,2041 497,2043 540,2044 582,2046 624,2049 667,2052 709,2055 752,2057 794,2060 836,2063 879,2066 921,2069 964,2071 1006,2071 1048,2074 1091,2074 1133,2077 1176,2080 1176,2037 1133,2034 1091,2031 1048,2031 1006,2028 964,2028 921,2026 879,2023 836,2020 794,2017 752,2014 709,2012 667,2009 624,2006 582,2003 540,2001 497,2000 455,1998 412,1995 370,1995 328,1995"/>
                <Baseline points="328,2024 370,2024 412,2024 455,2027 497,2029 540,2030 582,2032 624,2035 667,2038 709,2041 752,2043 794,2046 836,2049 879,2052 921,2055 964,2057 1006,2057 1048,2060 1091,2060 1133,2063 1176,2066"/>
                <TextEquiv>
                    <Unicode>luit infige̾ cordibus ⁊ m̃tibiss</Unicode>
                </TextEquiv>
            </TextLine>
            <TextLine id="tr_1_tl_25" custom="readingOrder {index:24;}">
                <Coords points="331,2101 372,2106 413,2107 455,2109 496,2110 537,2112 579,2115 620,2117 661,2119 703,2121 744,2126 785,2128 827,2128 868,2131 909,2134 951,2134 992,2136 1033,2139 1075,2140 1116,2142 1158,2143 1158,2100 1116,2099 1075,2097 1033,2096 992,2093 951,2091 909,2091 868,2088 827,2085 785,2085 744,2083 703,2078 661,2076 620,2074 579,2072 537,2069 496,2067 455,2066 413,2064 372,2063 331,2058"/>
                <Baseline points="331,2087 372,2092 413,2093 455,2095 496,2096 537,2098 579,2101 620,2103 661,2105 703,2107 744,2112 785,2114 827,2114 868,2117 909,2120 951,2120 992,2122 1033,2125 1075,2126 1116,2128 1158,2129"/>
                <TextEquiv>
                    <Unicode>discipuloꝵ a quibus ad passiõ;</Unicode>
                </TextEquiv>
            </TextLine>
            <TextLine id="tr_1_tl_26" custom="readingOrder {index:25;}">
                <Coords points="328,2170 370,2170 413,2175 455,2179 498,2179 540,2181 583,2184 625,2185 668,2187 710,2190 753,2192 796,2195 838,2198 881,2201 923,2204 966,2206 1008,2206 1051,2206 1093,2209 1136,2209 1179,2203 1179,2160 1136,2166 1093,2166 1051,2163 1008,2163 966,2163 923,2161 881,2158 838,2155 796,2152 753,2149 710,2147 668,2144 625,2142 583,2141 540,2138 498,2136 455,2136 413,2132 370,2127 328,2127"/>
                <Baseline points="328,2156 370,2156 413,2161 455,2165 498,2165 540,2167 583,2170 625,2171 668,2173 710,2176 753,2178 796,2181 838,2184 881,2187 923,2190 966,2192 1008,2192 1051,2192 1093,2195 1136,2195 1179,2189"/>
                <TextEquiv>
                    <Unicode>digͤssu᷑s erat/ ⁊ iõ nõ p̃cepit qᵒ</Unicode>
                </TextEquiv>
            </TextLine>
            <TextLine id="tr_1_tl_27" custom="readingOrder {index:26;}">
                <Coords points="322,2238 366,2238 410,2238 454,2241 498,2244 542,2244 586,2249 630,2253 674,2256 718,2256 762,2258 806,2259 850,2261 894,2264 938,2267 982,2270 1026,2273 1070,2272 1114,2273 1158,2274 1203,2271 1203,2228 1158,2231 1114,2230 1070,2229 1026,2230 982,2227 938,2224 894,2221 850,2218 806,2216 762,2215 718,2213 674,2213 630,2210 586,2206 542,2201 498,2201 454,2198 410,2195 366,2195 322,2195"/>
                <Baseline points="322,2224 366,2224 410,2224 454,2227 498,2230 542,2230 586,2235 630,2239 674,2242 718,2242 762,2244 806,2245 850,2247 894,2250 938,2253 982,2256 1026,2259 1070,2258 1114,2259 1158,2260 1203,2257"/>
                <TextEquiv>
                    <Unicode>deinceps ordine sũme̾tur</Unicode>
                </TextEquiv>
            </TextLine>
            <TextLine id="l" custom="readingOrder {index:27;}">
                <Coords points="325,2299 536,2297 742,2311 950,2321 1115,2330 1117,2300 951,2292 744,2281 537,2267 325,2269"/>
                <Baseline points="325,2299 536,2297 742,2311 950,2321 1115,2330"/>
                <TextEquiv>
                    <Unicode>aut̃ ordĩe deinceps sume̾tur </Unicode>
                </TextEquiv>
            </TextLine>
            <TextLine id="tr_1_tl_29" custom="readingOrder {index:28;}">
                <Coords points="325,2367 364,2367 404,2367 443,2369 483,2372 522,2374 562,2377 601,2379 641,2382 680,2385 720,2387 760,2388 799,2390 839,2392 878,2394 918,2395 957,2397 997,2397 1036,2397 1076,2397 1116,2397 1116,2355 1076,2355 1036,2355 997,2355 957,2355 918,2353 878,2352 839,2350 799,2348 760,2346 720,2345 680,2343 641,2340 601,2337 562,2335 522,2332 483,2330 443,2327 404,2325 364,2325 325,2325"/>
                <Baseline points="325,2353 364,2353 404,2353 443,2355 483,2358 522,2360 562,2363 601,2365 641,2368 680,2371 720,2373 760,2374 799,2376 839,2378 878,2380 918,2381 957,2383 997,2383 1036,2383 1076,2383 1116,2383"/>
                <TextEquiv>
                    <Unicode>aplĩs ꝑ quos eccĩas dispositu᷑s</Unicode>
                </TextEquiv>
            </TextLine>
            <TextLine id="tr_1_tl_30" custom="readingOrder {index:29;}">
                <Coords points="322,2427 361,2430 400,2434 439,2436 478,2439 517,2443 556,2445 596,2445 635,2445 674,2448 713,2450 752,2451 791,2452 830,2455 870,2458 909,2460 948,2462 987,2462 1026,2464 1065,2465 1105,2462 1105,2420 1065,2423 1026,2422 987,2420 948,2420 909,2418 870,2416 830,2413 791,2410 752,2409 713,2408 674,2406 635,2403 596,2403 556,2403 517,2401 478,2397 439,2394 400,2392 361,2388 322,2385"/>
                <Baseline points="322,2413 361,2416 400,2420 439,2422 478,2425 517,2429 556,2431 596,2431 635,2431 674,2434 713,2436 752,2437 791,2438 830,2441 870,2444 909,2446 948,2448 987,2448 1026,2450 1065,2451 1105,2448"/>
                <TextEquiv>
                    <Unicode>erat res̾uauit dicenđ Nã si</Unicode>
                </TextEquiv>
            </TextLine>
            <TextLine id="tr_1_tl_31" custom="readingOrder {index:30;}">
                <Coords points="328,2501 369,2501 411,2504 452,2506 494,2507 536,2509 577,2510 619,2510 661,2511 702,2513 744,2513 786,2514 827,2516 869,2519 911,2519 952,2519 994,2522 1036,2522 1077,2522 1119,2524 1161,2528 1161,2486 1119,2482 1077,2480 1036,2480 994,2480 952,2477 911,2477 869,2477 827,2474 786,2472 744,2471 702,2471 661,2469 619,2468 577,2468 536,2467 494,2465 452,2464 411,2462 369,2459 328,2459"/>
                <Baseline points="328,2487 369,2487 411,2490 452,2492 494,2493 536,2495 577,2496 619,2496 661,2497 702,2499 744,2499 786,2500 827,2502 869,2505 911,2505 952,2505 994,2508 1036,2508 1077,2508 1119,2510 1161,2514"/>
                <TextEquiv>
                    <Unicode>hoc ille monuisset ut post cibos</Unicode>
                </TextEquiv>
            </TextLine>
            <TextLine id="tr_1_tl_32" custom="readingOrder {index:31;}">
                <Coords points="316,2558 360,2561 404,2564 448,2567 492,2570 536,2573 580,2573 625,2576 669,2579 713,2579 757,2579 801,2581 845,2584 890,2585 934,2587 978,2588 1022,2593 1066,2592 1110,2593 1155,2597 1155,2555 1110,2551 1066,2550 1022,2551 978,2546 934,2545 890,2543 845,2542 801,2539 757,2537 713,2537 669,2537 625,2534 580,2531 536,2531 492,2528 448,2525 404,2522 360,2519 316,2516"/>
                <Baseline points="316,2544 360,2547 404,2550 448,2553 492,2556 536,2559 580,2559 625,2562 669,2565 713,2565 757,2565 801,2567 845,2570 890,2571 934,2573 978,2574 1022,2579 1066,2578 1110,2579 1178,2583"/>
                <TextEquiv>
                    <Unicode>alios semꝑ r̾ciꝑetur / credo ꝙ eũ</Unicode>
                </TextEquiv>
            </TextLine>
            <TextLine id="tr_1_tl_33" custom="readingOrder {index:32;}">
                <Coords points="319,2633 360,2633 402,2633 444,2635 486,2640 528,2642 569,2642 611,2644 653,2646 695,2648 737,2649 778,2652 820,2655 862,2657 904,2657 946,2663 987,2660 1029,2660 1071,2662 1113,2663 1155,2663 1155,2620 1113,2620 1071,2619 1029,2617 987,2617 946,2620 904,2614 862,2614 820,2612 778,2609 737,2606 695,2605 653,2603 611,2601 569,2599 528,2599 486,2597 444,2592 402,2590 360,2590 319,2590"/>
                <Baseline points="319,2619 360,2619 402,2619 444,2621 486,2626 528,2628 569,2628 611,2630 653,2632 695,2634 737,2635 778,2638 820,2641 862,2643 904,2643 946,2649 987,2646 1029,2646 1071,2648 1113,2649 1155,2649"/>
                <TextEquiv>
                    <Unicode>morẽ nemo mutass;  Hec Augꝰ</Unicode>
                </TextEquiv>
            </TextLine>
            <TextLine id="tr_1_tl_34" custom="readingOrder {index:33;}">
                <Coords points="316,2698 356,2698 397,2698 438,2700 479,2701 520,2701 561,2702 602,2705 643,2707 684,2708 725,2710 765,2710 806,2713 847,2718 888,2719 929,2721 970,2722 1011,2724 1052,2725 1093,2726 1134,2725 1134,2682 1093,2683 1052,2682 1011,2681 970,2679 929,2678 888,2676 847,2675 806,2670 765,2667 725,2667 684,2665 643,2664 602,2662 561,2659 520,2658 479,2658 438,2657 397,2655 356,2655 316,2655"/>
                <Baseline points="316,2684 356,2684 397,2684 438,2686 479,2687 520,2687 561,2688 602,2691 643,2693 684,2694 725,2696 765,2696 806,2699 847,2704 888,2705 929,2707 970,2708 1011,2710 1052,2711 1093,2712 1134,2711"/>
                <TextEquiv>
                    <Unicode>Et hẽntur de ꝯse đᵉ 2ᵃ liq̾do</Unicode>
                </TextEquiv>
            </TextLine>
            <TextLine id="tr_1_tl_35" custom="readingOrder {index:34;}">
                <Coords points="315,2768 355,2765 395,2766 435,2767 475,2769 515,2769 555,2768 595,2771 635,2773 675,2773 715,2776 755,2776 795,2778 835,2779 875,2780 915,2783 955,2786 995,2788 1035,2791 1075,2794 1116,2791 1116,2748 1075,2751 1035,2748 995,2745 955,2743 915,2740 875,2737 835,2736 795,2735 755,2733 715,2733 675,2730 635,2730 595,2728 555,2725 515,2726 475,2726 435,2724 395,2723 355,2722 315,2725"/>
                <Baseline points="315,2754 355,2751 395,2752 435,2753 475,2755 515,2755 555,2754 595,2757 635,2759 675,2759 715,2762 755,2762 795,2764 835,2765 875,2766 915,2769 955,2772 995,2774 1035,2777 1075,2780 1116,2777"/>
                <TextEquiv>
                    <Unicode>Igitur patet ꝑ btm̃ Augꝰᵐ yõ</Unicode>
                </TextEquiv>
            </TextLine>
            <TextLine id="tr_1_tl_36" custom="readingOrder {index:35;}">
                <Coords points="292,2821 334,2827 377,2830 420,2830 462,2830 505,2832 548,2835 590,2838 633,2841 676,2842 719,2844 761,2846 804,2849 847,2852 889,2855 932,2858 975,2860 1017,2860 1060,2860 1103,2860 1146,2860 1146,2817 1103,2817 1060,2817 1017,2817 975,2817 932,2815 889,2812 847,2809 804,2806 761,2803 719,2801 676,2799 633,2798 590,2795 548,2792 505,2789 462,2787 420,2787 377,2787 334,2784 292,2778"/>
                <Baseline points="292,2807 334,2813 377,2816 420,2816 462,2816 505,2818 548,2821 590,2824 633,2827 676,2828 719,2830 761,2832 804,2835 847,2838 889,2841 932,2844 975,2846 1017,2846 1060,2846 1103,2846 1146,2846"/>
                <TextEquiv>
                    <Unicode>ꝑ btm̃ paulũ ꝙ nõ oiã q̃ xpũs</Unicode>
                </TextEquiv>
            </TextLine>
            <TextLine id="tr_1_tl_37" custom="readingOrder {index:36;}">
                <Coords points="313,2893 355,2890 397,2893 439,2893 482,2895 524,2898 566,2901 608,2902 651,2905 693,2907 735,2908 777,2911 820,2914 862,2917 904,2918 946,2916 989,2919 1031,2922 1073,2922 1115,2919 1158,2916 1158,2873 1115,2876 1073,2879 1031,2879 989,2876 946,2873 904,2875 862,2874 820,2871 777,2868 735,2865 693,2864 651,2862 608,2859 566,2858 524,2855 482,2852 439,2850 397,2850 355,2847 313,2850"/>
                <Baseline points="313,2879 355,2876 397,2879 439,2879 482,2881 524,2884 566,2887 608,2888 651,2891 693,2893 735,2894 777,2897 820,2900 862,2903 904,2904 946,2902 989,2905 1031,2908 1073,2908 1115,2905 1158,2902"/>
                <TextEquiv>
                    <Unicode>seruauit in ĩstituoẽ huiꝰ sacͣᵗᶦ</Unicode>
                </TextEquiv>
            </TextLine>
            <TextLine id="tr_1_tl_38" custom="readingOrder {index:37;}">
                <Coords points="316,2954 357,2951 399,2954 441,2956 483,2959 525,2960 566,2963 608,2968 650,2969 692,2970 734,2973 775,2976 817,2979 859,2981 901,2984 943,2987 984,2990 1026,2993 1068,2993 1110,2993 1152,2999 1152,2959 1110,2953 1068,2953 1026,2953 984,2950 943,2947 901,2944 859,2941 817,2939 775,2936 734,2933 692,2930 650,2929 608,2928 566,2923 525,2920 483,2919 441,2916 399,2914 357,2911 316,2914"/>
                <Baseline points="316,2941 357,2938 399,2941 441,2943 483,2946 525,2947 566,2950 608,2955 650,2956 692,2957 734,2960 775,2963 817,2966 859,2968 901,2971 943,2974 984,2977 1026,2980 1068,2980 1110,2980 1152,2986"/>
                <TextEquiv>
                    <Unicode>s̾uãda sũt a nobis/ qaͥ alia ratõ</Unicode>
                </TextEquiv>
            </TextLine>
            <TextLine id="tr_1_tl_39" custom="readingOrder {index:38;}">
                <Coords points="310,3008 349,3008 388,3012 428,3018 467,3020 507,3022 546,3027 586,3029 625,3029 665,3032 704,3034 743,3037 783,3040 822,3042 862,3045 901,3047 941,3047 980,3050 1020,3053 1059,3051 1099,3050 1099,3010 1059,3011 1020,3013 980,3010 941,3007 901,3007 862,3005 822,3002 783,3000 743,2997 704,2994 665,2992 625,2989 586,2989 546,2987 507,2982 467,2980 428,2978 388,2972 349,2968 310,2968"/>
                <Baseline points="310,2995 349,2995 388,2999 428,3005 467,3007 507,3009 546,3014 586,3016 625,3016 665,3019 704,3021 743,3024 783,3027 822,3029 862,3032 901,3034 941,3034 980,3037 1020,3040 1059,3038 1099,3037"/>
                <TextEquiv>
                    <Unicode>ea̾t ĩstituẽdo istud sacram̃tũ</Unicode>
                </TextEquiv>
            </TextLine>
            <TextLine id="tr_1_tl_40" custom="readingOrder {index:39;}">
                <Coords points="310,3072 349,3072 388,3074 428,3079 467,3083 507,3085 546,3088 586,3090 625,3093 665,3096 704,3098 743,3101 783,3104 822,3106 862,3108 901,3109 941,3111 980,3114 1020,3111 1059,3113 1099,3114 1099,3072 1059,3071 1020,3069 980,3072 941,3069 901,3067 862,3066 822,3064 783,3062 743,3059 704,3056 665,3054 625,3051 586,3048 546,3046 507,3043 467,3041 428,3037 388,3032 349,3030 310,3030"/>
                <Baseline points="310,3058 349,3058 388,3060 428,3065 467,3069 507,3071 546,3074 586,3076 625,3079 665,3082 704,3084 743,3087 783,3090 822,3092 862,3094 901,3095 941,3097 980,3100 1020,3097 1059,3099 1099,3100"/>
                <TextEquiv>
                    <Unicode>tp̃e quo instabat xpĩ passio</Unicode>
                </TextEquiv>
            </TextLine>
        </TextRegion>
        <TextRegion orientation="0.0" id="tr_2" custom="readingOrder {index:1;}">
            <Coords points="1248,501 1248,3127 2195,3127 2195,501"/>
            <TextLine id="tr_2_tl_1" custom="readingOrder {index:0;}">
                <Coords points="1334,555 1374,550 1415,547 1455,546 1496,546 1537,546 1577,546 1618,547 1659,549 1699,549 1740,549 1781,549 1821,549 1862,551 1903,554 1943,555 1984,555 2025,556 2065,558 2106,558 2147,558 2147,513 2106,513 2065,513 2025,511 1984,510 1943,510 1903,509 1862,506 1821,504 1781,504 1740,504 1699,504 1659,504 1618,502 1577,501 1537,501 1496,501 1455,501 1415,502 1374,505 1334,510"/>
                <Baseline points="1334,540 1374,535 1415,532 1455,531 1496,531 1537,531 1577,531 1618,532 1659,534 1699,534 1740,534 1781,534 1821,534 1862,536 1903,539 1943,540 1984,540 2025,541 2065,543 2106,543 2179,543"/>
                <TextEquiv>
                    <Unicode>Et alia ratõ post passioẽm ce-</Unicode>
                </TextEquiv>
            </TextLine>
            <TextLine id="tr_2_tl_2" custom="readingOrder {index:1;}">
                <Coords points="1326,621 1367,618 1408,618 1449,616 1490,615 1531,615 1572,615 1613,615 1654,616 1695,617 1736,615 1777,615 1818,618 1859,618 1900,620 1941,621 1982,621 2023,619 2064,618 2105,621 2105,576 2064,573 2023,574 1982,576 1941,576 1900,575 1859,573 1818,573 1777,570 1736,570 1695,572 1654,571 1613,570 1572,570 1531,570 1490,570 1449,571 1408,573 1367,573 1326,576"/>
                <Baseline points="1326,606 1367,603 1408,603 1449,601 1490,600 1531,600 1572,600 1613,600 1654,601 1695,602 1736,600 1777,600 1818,603 1859,603 1900,605 1941,606 1982,606 2023,604 2064,603 2114,606"/>
                <TextEquiv>
                    <Unicode>lebrãdi patet eciam ꝙ oĩ tpẽ</Unicode>
                </TextEquiv>
            </TextLine>
            <TextLine id="tr_2_tl_3" custom="readingOrder {index:2;}">
                <Coords points="1343,689 1381,684 1420,683 1459,683 1497,683 1536,683 1575,683 1613,683 1652,681 1691,683 1730,685 1768,685 1807,683 1846,684 1884,686 1923,686 1962,686 2000,686 2039,686 2078,686 2117,689 2117,643 2078,640 2039,640 2000,640 1962,640 1923,640 1884,640 1846,638 1807,637 1768,639 1730,639 1691,637 1652,635 1613,637 1575,637 1536,637 1497,637 1459,637 1420,637 1381,638 1343,643"/>
                <Baseline points="1343,674 1381,669 1420,668 1459,668 1497,668 1536,668 1575,668 1613,668 1652,666 1691,668 1730,670 1768,670 1807,668 1846,669 1884,671 1923,671 1962,671 2000,671 2039,671 2078,671 2128,674"/>
                <TextEquiv>
                    <Unicode>fideles dẽ̃bant sequi in sñpcõe</Unicode>
                </TextEquiv>
            </TextLine>
            <TextLine id="tr_2_tl_4" custom="readingOrder {index:3;}">
                <Coords points="1329,749 1369,749 1409,747 1450,748 1490,749 1531,749 1571,749 1612,749 1652,749 1693,749 1733,749 1773,749 1814,749 1854,749 1895,751 1935,752 1976,752 2016,752 2057,752 2097,752 2138,749 2138,704 2097,707 2057,707 2016,707 1976,707 1935,707 1895,706 1854,704 1814,704 1773,704 1733,704 1693,704 1652,704 1612,704 1571,704 1531,704 1490,704 1450,703 1409,702 1369,704 1329,704"/>
                <Baseline points="1329,734 1369,734 1409,732 1450,733 1490,734 1531,734 1571,734 1612,734 1652,734 1693,734 1733,734 1773,734 1814,734 1854,734 1895,736 1935,737 1976,737 2016,737 2057,737 2097,737 2138,734"/>
                <TextEquiv>
                    <Unicode>huiꝰ sacrãmti doct̾nã appłoꝵ</Unicode>
                </TextEquiv>
            </TextLine>
            <TextLine id="tr_2_tl_5" custom="readingOrder {index:4;}">
                <Coords points="1320,814 1360,817 1400,815 1441,814 1481,814 1522,812 1562,811 1603,810 1643,809 1684,811 1724,811 1764,811 1805,814 1845,814 1886,816 1926,817 1967,818 2007,820 2048,820 2088,820 2129,823 2129,780 2088,777 2048,777 2007,777 1967,775 1926,774 1886,773 1845,771 1805,771 1764,768 1724,768 1684,768 1643,766 1603,767 1562,768 1522,769 1481,771 1441,771 1400,772 1360,774 1320,771"/>
                <Baseline points="1320,800 1360,803 1400,801 1441,800 1481,800 1522,798 1562,797 1603,796 1643,795 1684,797 1724,797 1764,797 1805,800 1845,800 1886,802 1926,803 1967,804 2007,806 2048,806 2088,806 2129,809"/>
                <TextEquiv>
                    <Unicode>Et ꝯñ̃ter successoꝵ ⁊ᵐ ritum ⁊</Unicode>
                </TextEquiv>
            </TextLine>
            <TextLine id="tr_2_tl_6" custom="readingOrder {index:5;}">
                <Coords points="1326,877 1368,877 1411,877 1454,877 1497,877 1540,877 1583,877 1625,877 1668,879 1711,880 1754,880 1797,882 1840,883 1883,884 1925,885 1968,884 2011,886 2054,886 2097,885 2140,884 2183,886 2183,843 2140,841 2097,842 2054,843 2011,843 1968,841 1925,842 1883,841 1840,840 1797,839 1754,837 1711,837 1668,836 1625,834 1583,834 1540,834 1497,834 1454,834 1411,834 1368,834 1326,834"/>
                <Baseline points="1326,863 1368,863 1411,863 1454,863 1497,863 1540,863 1583,863 1625,863 1668,865 1711,866 1754,866 1797,868 1840,869 1883,870 1925,871 1968,870 2011,872 2054,872 2097,871 2140,870 2190,872"/>
                <TextEquiv>
                    <Unicode>ordiem̃ qui in diu̾sis tpĩbꝰ magꝭ</Unicode>
                </TextEquiv>
            </TextLine>
            <TextLine id="tr_2_tl_7" custom="readingOrder {index:6;}">
                <Coords points="1329,946 1372,943 1415,943 1458,943 1502,943 1545,943 1588,945 1632,946 1675,948 1718,949 1762,951 1805,954 1848,957 1891,958 1935,960 1978,961 2021,962 2065,963 2108,961 2151,962 2195,967 2195,921 2151,916 2108,915 2065,917 2021,916 1978,915 1935,914 1891,912 1848,911 1805,908 1762,905 1718,903 1675,902 1632,900 1588,899 1545,897 1502,897 1458,897 1415,897 1372,897 1329,900"/>
                <Baseline points="1329,931 1372,928 1415,928 1458,928 1502,928 1545,928 1588,930 1632,931 1675,933 1718,934 1762,936 1805,939 1848,942 1891,943 1935,945 1978,946 2021,947 2065,948 2108,946 2151,947 2195,952"/>
                <TextEquiv>
                    <Unicode>saluti fideliũ ꝯueñre uide̾ntur</Unicode>
                </TextEquiv>
            </TextLine>
            <TextLine id="tr_2_tl_8" custom="readingOrder {index:7;}">
                <Coords points="1323,1018 1365,1015 1407,1012 1449,1012 1492,1012 1534,1012 1576,1014 1618,1015 1661,1017 1703,1018 1745,1018 1787,1018 1830,1019 1872,1022 1914,1024 1956,1024 1999,1027 2041,1027 2083,1030 2125,1030 2168,1027 2168,981 2125,984 2083,984 2041,981 1999,981 1956,978 1914,978 1872,976 1830,973 1787,972 1745,972 1703,972 1661,971 1618,969 1576,968 1534,966 1492,966 1449,966 1407,966 1365,969 1323,972"/>
                <Baseline points="1323,1003 1365,1000 1407,997 1449,997 1492,997 1534,997 1576,999 1618,1000 1661,1002 1703,1003 1745,1003 1787,1003 1830,1004 1872,1007 1914,1009 1956,1009 1999,1012 2041,1012 2083,1015 2125,1015 2193,1012"/>
                <TextEquiv>
                    <Unicode>ut patet in uerbis p̃dictis No-</Unicode>
                </TextEquiv>
            </TextLine>
            <TextLine id="tr_2_tl_9" custom="readingOrder {index:8;}">
                <Coords points="1308,1084 1352,1084 1396,1081 1440,1084 1484,1084 1528,1081 1572,1084 1616,1081 1660,1081 1704,1081 1748,1081 1792,1083 1836,1084 1880,1086 1924,1089 1968,1090 2012,1090 2056,1092 2100,1093 2144,1093 2189,1096 2189,1051 2144,1048 2100,1048 2056,1047 2012,1045 1968,1045 1924,1044 1880,1041 1836,1039 1792,1038 1748,1036 1704,1036 1660,1036 1616,1036 1572,1039 1528,1036 1484,1039 1440,1039 1396,1036 1352,1039 1308,1039"/>
                <Baseline points="1308,1069 1352,1069 1396,1066 1440,1069 1484,1069 1528,1066 1572,1069 1616,1066 1660,1066 1704,1066 1748,1066 1792,1068 1836,1069 1880,1071 1924,1074 1968,1075 2012,1075 2056,1077 2100,1078 2144,1078 2189,1081"/>
                <TextEquiv>
                    <Unicode>tanda ẽ etiã diligent᷑ h̃ doct̾na</Unicode>
                </TextEquiv>
            </TextLine>
            <TextLine id="tr_2_tl_10" custom="readingOrder {index:9;}">
                <Coords points="1302,1149 1338,1149 1374,1149 1411,1149 1447,1148 1484,1146 1520,1143 1556,1145 1593,1148 1629,1149 1666,1149 1702,1149 1738,1149 1775,1149 1811,1150 1848,1152 1884,1152 1920,1154 1957,1153 1993,1155 2030,1159 2030,1114 1993,1110 1957,1108 1920,1109 1884,1107 1848,1107 1811,1105 1775,1104 1738,1104 1702,1104 1666,1104 1629,1104 1593,1103 1556,1100 1520,1098 1484,1101 1447,1103 1411,1104 1374,1104 1338,1104 1302,1104"/>
                <Baseline points="1302,1134 1338,1134 1374,1134 1411,1134 1447,1133 1484,1131 1520,1128 1556,1130 1593,1133 1629,1134 1666,1134 1702,1134 1738,1134 1775,1134 1811,1135 1848,1137 1884,1137 1920,1139 1957,1138 1993,1140 2171,1139"/>
                <TextEquiv>
                    <Unicode>btĩ Augustini Et racõ ꝙ̃ assigͣt</Unicode>
                </TextEquiv>
            </TextLine>
            <TextLine id="tr_2_tl_11" custom="readingOrder {index:10;}">
                <Coords points="1308,1208 1349,1211 1391,1211 1433,1211 1475,1213 1517,1214 1558,1214 1600,1214 1642,1217 1684,1219 1726,1218 1767,1220 1809,1221 1851,1223 1893,1223 1935,1226 1976,1223 2018,1226 2060,1224 2102,1223 2144,1226 2144,1183 2102,1180 2060,1181 2018,1183 1976,1180 1935,1183 1893,1180 1851,1180 1809,1178 1767,1177 1726,1175 1684,1176 1642,1174 1600,1171 1558,1171 1517,1171 1475,1170 1433,1168 1391,1168 1349,1168 1308,1165"/>
                <Baseline points="1308,1194 1349,1197 1391,1197 1433,1197 1475,1199 1517,1200 1558,1200 1600,1200 1642,1203 1684,1205 1726,1204 1767,1206 1809,1207 1851,1209 1893,1209 1935,1212 1976,1209 2018,1212 2060,1210 2102,1209 2144,1212"/>
                <TextEquiv>
                    <Unicode>ad ꝓbandũ ꝙ quãuis xp̃s post</Unicode>
                </TextEquiv>
            </TextLine>
            <TextLine id="tr_2_tl_12" custom="readingOrder {index:11;}">
                <Coords points="1311,1281 1351,1281 1392,1281 1433,1283 1474,1284 1515,1286 1556,1288 1597,1290 1638,1291 1679,1293 1720,1293 1760,1293 1801,1296 1842,1299 1883,1299 1924,1299 1965,1301 2006,1302 2047,1302 2088,1302 2129,1299 2129,1253 2088,1256 2047,1256 2006,1256 1965,1255 1924,1253 1883,1253 1842,1253 1801,1250 1760,1247 1720,1247 1679,1247 1638,1245 1597,1244 1556,1242 1515,1240 1474,1238 1433,1237 1392,1235 1351,1235 1311,1235"/>
                <Baseline points="1311,1266 1351,1266 1392,1266 1433,1268 1474,1269 1515,1271 1556,1273 1597,1275 1638,1276 1679,1278 1720,1278 1760,1278 1801,1281 1842,1284 1883,1284 1924,1284 1965,1286 2006,1287 2047,1287 2088,1287 2129,1284"/>
                <TextEquiv>
                    <Unicode>cenã hᶜ sacͣmẽtũ dedi̾t tñ nõ</Unicode>
                </TextEquiv>
            </TextLine>
            <TextLine id="tr_2_tl_13" custom="readingOrder {index:12;}">
                <Coords points="1302,1358 1342,1355 1382,1355 1422,1355 1463,1357 1503,1358 1543,1358 1584,1359 1624,1361 1664,1361 1705,1364 1745,1364 1785,1366 1825,1367 1866,1369 1906,1370 1946,1371 1987,1372 2027,1371 2067,1372 2108,1364 2108,1318 2067,1326 2027,1325 1987,1326 1946,1325 1906,1324 1866,1323 1825,1321 1785,1320 1745,1318 1705,1318 1664,1315 1624,1315 1584,1313 1543,1312 1503,1312 1463,1311 1422,1309 1382,1309 1342,1309 1302,1312"/>
                <Baseline points="1302,1343 1342,1340 1382,1340 1422,1340 1463,1342 1503,1343 1543,1343 1584,1344 1624,1346 1664,1346 1705,1349 1745,1349 1785,1351 1825,1352 1866,1354 1906,1355 1946,1356 1987,1357 2027,1356 2067,1357 2108,1349"/>
                <TextEquiv>
                    <Unicode>intñdebat ꝙ fideles in hᶜ seq̃</Unicode>
                </TextEquiv>
            </TextLine>
            <TextLine id="tr_2_tl_14" custom="readingOrder {index:13;}">
                <Coords points="1305,1424 1344,1424 1383,1422 1422,1423 1461,1424 1500,1425 1539,1427 1578,1427 1617,1430 1656,1430 1696,1432 1735,1433 1774,1434 1813,1436 1852,1437 1891,1439 1930,1439 1969,1441 2008,1442 2047,1444 2087,1445 2087,1399 2047,1398 2008,1396 1969,1395 1930,1393 1891,1393 1852,1391 1813,1390 1774,1388 1735,1387 1696,1386 1656,1384 1617,1384 1578,1381 1539,1381 1500,1379 1461,1378 1422,1377 1383,1376 1344,1378 1305,1378"/>
                <Baseline points="1305,1409 1344,1409 1383,1407 1422,1408 1461,1409 1500,1410 1539,1412 1578,1412 1617,1415 1656,1415 1696,1417 1735,1418 1774,1419 1813,1421 1852,1422 1891,1424 1930,1424 1969,1426 2008,1427 2047,1429 2087,1430"/>
                <TextEquiv>
                    <Unicode>rentur eius exemplũ dicit</Unicode>
                </TextEquiv>
            </TextLine>
            <TextLine id="tr_2_tl_15" custom="readingOrder {index:14;}">
                <Coords points="1302,1493 1341,1490 1380,1492 1419,1493 1458,1493 1497,1494 1536,1497 1575,1499 1614,1496 1653,1499 1693,1499 1732,1501 1771,1502 1810,1503 1849,1505 1888,1505 1927,1508 1966,1510 2005,1509 2044,1510 2084,1514 2084,1468 2044,1464 2005,1463 1966,1464 1927,1462 1888,1459 1849,1459 1810,1457 1771,1456 1732,1455 1693,1453 1653,1453 1614,1450 1575,1453 1536,1451 1497,1448 1458,1447 1419,1447 1380,1446 1341,1444 1302,1447"/>
                <Baseline points="1302,1478 1341,1475 1380,1477 1419,1478 1458,1478 1497,1479 1536,1482 1575,1484 1614,1481 1653,1484 1693,1484 1732,1486 1771,1487 1810,1488 1849,1490 1888,1490 1927,1493 1966,1495 2005,1494 2044,1495 2084,1499"/>
                <TextEquiv>
                    <Unicode>enĩ Nam si hoc ille ÷ xpũs</Unicode>
                </TextEquiv>
            </TextLine>
            <TextLine id="tr_2_tl_16" custom="readingOrder {index:15;}">
                <Coords points="1296,1565 1337,1562 1379,1562 1420,1562 1462,1564 1504,1563 1545,1564 1587,1567 1629,1568 1670,1569 1712,1571 1754,1571 1795,1573 1837,1576 1879,1576 1920,1579 1962,1579 2004,1581 2045,1582 2087,1582 2129,1582 2129,1536 2087,1536 2045,1536 2004,1535 1962,1533 1920,1533 1879,1530 1837,1530 1795,1527 1754,1525 1712,1525 1670,1523 1629,1522 1587,1521 1545,1518 1504,1517 1462,1518 1420,1516 1379,1516 1337,1516 1296,1519"/>
                <Baseline points="1296,1550 1337,1547 1379,1547 1420,1547 1462,1549 1504,1548 1545,1549 1587,1552 1629,1553 1670,1554 1712,1556 1754,1556 1795,1558 1837,1561 1879,1561 1920,1564 1962,1564 2004,1566 2045,1567 2087,1567 2129,1567"/>
                <TextEquiv>
                    <Unicode>monuisset ut post cibos alios</Unicode>
                </TextEquiv>
            </TextLine>
            <TextLine id="tr_2_tl_17" custom="readingOrder {index:16;}">
                <Coords points="1305,1633 1348,1630 1391,1630 1434,1633 1478,1633 1521,1633 1564,1633 1608,1635 1651,1636 1694,1638 1738,1639 1781,1641 1824,1644 1867,1645 1911,1645 1954,1646 1997,1648 2041,1648 2084,1648 2127,1649 2171,1651 2171,1605 2127,1603 2084,1602 2041,1602 1997,1602 1954,1600 1911,1599 1867,1599 1824,1598 1781,1595 1738,1593 1694,1592 1651,1590 1608,1589 1564,1587 1521,1587 1478,1587 1434,1587 1391,1584 1348,1584 1305,1587"/>
                <Baseline points="1305,1618 1348,1615 1391,1615 1434,1618 1478,1618 1521,1618 1564,1618 1608,1620 1651,1621 1694,1623 1738,1624 1781,1626 1824,1629 1867,1630 1911,1630 1954,1631 1997,1633 2041,1633 2084,1633 2127,1634 2171,1636"/>
                <TextEquiv>
                    <Unicode>semꝑ acciꝑet᷑ credo ꝙ eũ morẽ</Unicode>
                </TextEquiv>
            </TextLine>
            <TextLine id="tr_2_tl_18" custom="readingOrder {index:17;}">
                <Coords points="1284,1699 1325,1699 1367,1699 1408,1699 1450,1701 1491,1702 1533,1702 1574,1703 1616,1705 1657,1705 1699,1706 1740,1709 1782,1711 1823,1711 1865,1714 1906,1714 1948,1714 1989,1716 2031,1717 2072,1715 2114,1717 2114,1671 2072,1669 2031,1671 1989,1670 1948,1668 1906,1668 1865,1668 1823,1665 1782,1665 1740,1663 1699,1660 1657,1659 1616,1659 1574,1657 1533,1656 1491,1656 1450,1655 1408,1653 1367,1653 1325,1653 1284,1653"/>
                <Baseline points="1284,1684 1325,1684 1367,1684 1408,1684 1450,1686 1491,1687 1533,1687 1574,1688 1616,1690 1657,1690 1699,1691 1740,1694 1782,1696 1823,1696 1865,1699 1906,1699 1948,1699 1989,1701 2031,1702 2072,1700 2114,1702"/>
                <TextEquiv>
                    <Unicode>neõ mutass; Eodẽ mõ cũ scõ</Unicode>
                </TextEquiv>
            </TextLine>
            <TextLine id="tr_2_tl_19" custom="readingOrder {index:18;}">
                <Coords points="1290,1768 1332,1768 1375,1765 1418,1765 1460,1767 1503,1770 1546,1773 1588,1774 1631,1776 1674,1777 1717,1777 1759,1778 1802,1781 1845,1784 1887,1786 1930,1787 1973,1789 2015,1789 2058,1789 2101,1787 2144,1794 2144,1748 2101,1741 2058,1743 2015,1743 1973,1743 1930,1741 1887,1740 1845,1738 1802,1735 1759,1732 1717,1731 1674,1731 1631,1730 1588,1728 1546,1727 1503,1724 1460,1721 1418,1719 1375,1719 1332,1722 1290,1722"/>
                <Baseline points="1290,1753 1332,1753 1375,1750 1418,1750 1460,1752 1503,1755 1546,1758 1588,1759 1631,1761 1674,1762 1717,1762 1759,1763 1802,1766 1845,1769 1887,1771 1930,1772 1973,1774 2015,1774 2058,1774 2101,1772 2161,1781"/>
                <TextEquiv>
                    <Unicode>Augustino dico ꝙ si xp̃s uł apłi</Unicode>
                </TextEquiv>
            </TextLine>
            <TextLine id="tr_2_tl_20" custom="readingOrder {index:19;} textStyle {offset:14; length:1;superscript:true;}">
                <Coords points="1281,1830 1322,1830 1364,1830 1405,1832 1447,1833 1489,1837 1530,1839 1572,1841 1614,1843 1655,1845 1697,1846 1739,1848 1780,1848 1822,1851 1864,1854 1905,1854 1947,1857 1989,1857 2030,1859 2072,1860 2114,1860 2114,1814 2072,1814 2030,1813 1989,1811 1947,1811 1905,1808 1864,1808 1822,1805 1780,1802 1739,1802 1697,1800 1655,1799 1614,1797 1572,1795 1530,1793 1489,1791 1447,1787 1405,1786 1364,1784 1322,1784 1281,1784"/>
                <Baseline points="1281,1815 1322,1815 1364,1815 1405,1817 1447,1818 1489,1822 1530,1824 1572,1826 1614,1828 1655,1830 1697,1831 1739,1833 1780,1833 1822,1836 1864,1839 1905,1839 1947,1842 1989,1842 2030,1844 2072,1845 2114,1845"/>
                <TextEquiv>
                    <Unicode>monuisset̃ ꝙ hc sacram̃tũ nõ</Unicode>
                </TextEquiv>
            </TextLine>
            <TextLine id="tr_2_tl_21" custom="readingOrder {index:20;}">
                <Coords points="1284,1899 1323,1909 1363,1911 1403,1911 1442,1911 1482,1911 1522,1911 1561,1912 1601,1914 1641,1914 1681,1914 1720,1916 1760,1917 1800,1919 1839,1921 1879,1924 1919,1926 1958,1926 1998,1929 2038,1932 2078,1926 2078,1880 2038,1886 1998,1883 1958,1880 1919,1880 1879,1878 1839,1875 1800,1873 1760,1871 1720,1870 1681,1868 1641,1868 1601,1868 1561,1866 1522,1865 1482,1865 1442,1865 1403,1865 1363,1865 1323,1863 1284,1853"/>
                <Baseline points="1284,1884 1323,1894 1363,1896 1403,1896 1442,1896 1482,1896 1522,1896 1561,1897 1601,1899 1641,1899 1681,1899 1720,1901 1760,1902 1800,1904 1839,1906 1879,1909 1919,1911 1958,1911 1998,1914 2038,1917 2078,1911"/>
                <TextEquiv>
                    <Unicode>ꝯficientibus daretur s̃b utͣ;</Unicode>
                </TextEquiv>
            </TextLine>
            <TextLine id="tr_2_tl_22" custom="readingOrder {index:21;}">
                <Coords points="1311,1980 1349,1980 1387,1980 1426,1982 1464,1983 1502,1983 1541,1983 1579,1983 1617,1986 1656,1986 1694,1988 1732,1989 1771,1990 1809,1992 1847,1992 1886,1995 1924,1997 1962,1998 2001,1999 2039,2002 2078,2004 2078,1958 2039,1956 2001,1953 1962,1952 1924,1951 1886,1949 1847,1946 1809,1946 1771,1944 1732,1943 1694,1942 1656,1940 1617,1940 1579,1937 1541,1937 1502,1937 1464,1937 1426,1936 1387,1934 1349,1934 1311,1934"/>
                <Baseline points="1311,1965 1349,1965 1387,1965 1426,1967 1464,1968 1502,1968 1541,1968 1579,1968 1617,1971 1656,1971 1694,1973 1732,1974 1771,1975 1809,1977 1847,1977 1886,1980 1924,1982 1962,1983 2001,1984 2039,1987 2078,1989"/>
                <TextEquiv>
                    <Unicode>spẽ Credo ꝙ eũ morẽ neõ</Unicode>
                </TextEquiv>
            </TextLine>
            <TextLine id="tr_2_tl_23" custom="readingOrder {index:22;}">
                <Coords points="1281,2039 1322,2042 1363,2042 1404,2042 1445,2044 1487,2043 1528,2045 1569,2048 1610,2049 1651,2052 1693,2054 1734,2054 1775,2057 1816,2060 1857,2060 1899,2060 1940,2062 1981,2063 2022,2063 2063,2064 2105,2066 2105,2020 2063,2018 2022,2017 1981,2017 1940,2016 1899,2014 1857,2014 1816,2014 1775,2011 1734,2008 1693,2008 1651,2006 1610,2003 1569,2002 1528,1999 1487,1997 1445,1998 1404,1996 1363,1996 1322,1996 1281,1993"/>
                <Baseline points="1281,2024 1322,2027 1363,2027 1404,2027 1445,2029 1487,2028 1528,2030 1569,2033 1610,2034 1651,2037 1693,2039 1734,2039 1775,2042 1816,2045 1857,2045 1899,2045 1940,2047 1981,2048 2022,2048 2063,2049 2105,2051"/>
                <TextEquiv>
                    <Unicode>mutasset Et eođ mõ dicenđ</Unicode>
                </TextEquiv>
            </TextLine>
            <TextLine id="tr_2_tl_24" custom="readingOrder {index:23;}">
                <Coords points="1272,2111 1313,2111 1355,2108 1396,2110 1438,2111 1479,2113 1521,2114 1562,2115 1604,2117 1645,2118 1687,2120 1728,2120 1770,2120 1811,2123 1853,2126 1894,2129 1936,2129 1977,2131 2019,2132 2060,2132 2102,2132 2102,2086 2060,2086 2019,2086 1977,2085 1936,2083 1894,2083 1853,2080 1811,2077 1770,2074 1728,2074 1687,2074 1645,2072 1604,2071 1562,2069 1521,2068 1479,2067 1438,2065 1396,2064 1355,2062 1313,2065 1272,2065"/>
                <Baseline points="1272,2096 1313,2096 1355,2093 1396,2095 1438,2096 1479,2098 1521,2099 1562,2100 1604,2102 1645,2103 1687,2105 1728,2105 1770,2105 1811,2108 1853,2111 1894,2114 1936,2114 1977,2116 2019,2117 2060,2117 2102,2117"/>
                <TextEquiv>
                    <Unicode>đ oĩbus aliis cerimoniis per</Unicode>
                </TextEquiv>
            </TextLine>
            <TextLine id="tr_2_tl_25" custom="readingOrder {index:24;}">
                <Coords points="1266,2180 1309,2177 1353,2180 1396,2180 1440,2180 1484,2180 1527,2182 1571,2185 1614,2186 1658,2188 1702,2189 1745,2191 1789,2194 1832,2195 1876,2197 1920,2198 1963,2200 2007,2203 2050,2206 2094,2207 2138,2207 2138,2161 2094,2161 2050,2160 2007,2157 1963,2154 1920,2152 1876,2151 1832,2149 1789,2148 1745,2145 1702,2143 1658,2142 1614,2140 1571,2139 1527,2136 1484,2134 1440,2134 1396,2134 1353,2134 1309,2131 1266,2134"/>
                <Baseline points="1266,2165 1309,2162 1353,2165 1396,2165 1440,2165 1484,2165 1527,2167 1571,2170 1614,2171 1658,2173 1702,2174 1745,2176 1789,2179 1832,2180 1876,2182 1920,2183 1963,2185 2007,2188 2050,2191 2094,2192 2138,2192"/>
                <TextEquiv>
                    <Unicode>conswetudiem̃ ulĩs eccĩ̃e aꝓpbatꝭ</Unicode>
                </TextEquiv>
            </TextLine>
            <TextLine id="tr_2_tl_26" custom="readingOrder {index:25;}">
                <Coords points="1278,2254 1322,2251 1366,2251 1410,2251 1454,2248 1498,2248 1542,2248 1587,2251 1631,2251 1675,2254 1719,2257 1763,2259 1807,2262 1852,2265 1896,2268 1940,2271 1984,2274 2028,2275 2072,2275 2117,2278 2117,2232 2072,2229 2028,2229 1984,2228 1940,2225 1896,2222 1852,2219 1807,2216 1763,2213 1719,2211 1675,2208 1631,2205 1587,2205 1542,2202 1498,2202 1454,2202 1410,2205 1366,2205 1322,2205 1278,2208"/>
                <Baseline points="1278,2239 1322,2236 1366,2236 1410,2236 1454,2233 1498,2233 1542,2233 1587,2236 1631,2236 1675,2239 1719,2242 1763,2244 1807,2247 1852,2250 1896,2253 1940,2256 1984,2259 2028,2260 2072,2260 2117,2263"/>
                <TextEquiv>
                    <Unicode>Que ratoͥ fundatur in illo qd</Unicode>
                </TextEquiv>
            </TextLine>
            <TextLine id="tr_2_tl_27" custom="readingOrder {index:26;}">
                <Coords points="1284,2322 1326,2316 1368,2316 1410,2314 1452,2313 1494,2313 1536,2313 1578,2315 1620,2318 1662,2319 1705,2321 1747,2325 1789,2326 1831,2329 1873,2334 1915,2337 1957,2340 1999,2340 2041,2343 2083,2343 2126,2343 2126,2301 2083,2301 2041,2301 1999,2298 1957,2298 1915,2295 1873,2292 1831,2287 1789,2284 1747,2283 1705,2279 1662,2277 1620,2276 1578,2273 1536,2271 1494,2271 1452,2271 1410,2272 1368,2274 1326,2274 1284,2280"/>
                <Baseline points="1284,2308 1326,2302 1368,2302 1410,2300 1452,2299 1494,2299 1536,2299 1578,2301 1620,2304 1662,2305 1705,2307 1747,2311 1789,2312 1831,2315 1873,2320 1915,2323 1957,2326 1999,2326 2041,2329 2083,2329 2126,2329"/>
                <TextEquiv>
                    <Unicode>prius dictũ est u;/ ꝙ tociꝰ ulĩs</Unicode>
                </TextEquiv>
            </TextLine>
            <TextLine id="tr_2_tl_28" custom="readingOrder {index:27;}">
                <Coords points="1287,2379 1329,2379 1372,2379 1415,2379 1457,2379 1500,2379 1543,2381 1585,2382 1628,2384 1671,2387 1714,2390 1756,2391 1799,2391 1842,2393 1884,2398 1927,2401 1970,2404 2012,2406 2055,2406 2098,2409 2141,2409 2141,2367 2098,2367 2055,2364 2012,2364 1970,2362 1927,2359 1884,2356 1842,2351 1799,2349 1756,2349 1714,2348 1671,2345 1628,2342 1585,2340 1543,2339 1500,2337 1457,2337 1415,2337 1372,2337 1329,2337 1287,2337"/>
                <Baseline points="1287,2365 1329,2365 1372,2365 1415,2365 1457,2365 1500,2365 1543,2367 1585,2368 1628,2370 1671,2373 1714,2376 1756,2377 1799,2377 1842,2379 1884,2384 1927,2387 1970,2390 2012,2392 2055,2392 2098,2395 2141,2395"/>
                <TextEquiv>
                    <Unicode>eccĩe ꝯswetudo aꝓpbata in hiis</Unicode>
                </TextEquiv>
            </TextLine>
            <TextLine id="tr_2_tl_29" custom="readingOrder {index:28;}">
                <Coords points="1281,2436 1320,2441 1360,2440 1400,2439 1439,2439 1479,2440 1519,2442 1558,2442 1598,2442 1638,2445 1678,2448 1717,2450 1757,2453 1797,2456 1836,2458 1876,2461 1916,2465 1955,2465 1995,2471 2035,2468 2075,2471 2075,2429 2035,2426 1995,2429 1955,2423 1916,2423 1876,2419 1836,2416 1797,2414 1757,2411 1717,2408 1678,2406 1638,2403 1598,2400 1558,2400 1519,2400 1479,2398 1439,2397 1400,2397 1360,2398 1320,2399 1281,2394"/>
                <Baseline points="1281,2422 1320,2427 1360,2426 1400,2425 1439,2425 1479,2426 1519,2428 1558,2428 1598,2428 1638,2431 1678,2434 1717,2436 1757,2439 1797,2442 1836,2444 1876,2447 1916,2451 1955,2451 1995,2457 2035,2454 2096,2457"/>
                <TextEquiv>
                    <Unicode>q̃ sũt de ntã̃ᵗᵉ salutꝭ nõ pt̃</Unicode>
                </TextEquiv>
            </TextLine>
            <TextLine id="tr_2_tl_30" custom="readingOrder {index:29;}">
                <Coords points="1281,2498 1319,2501 1358,2501 1397,2501 1436,2502 1475,2504 1513,2505 1552,2507 1591,2510 1630,2510 1669,2512 1707,2513 1746,2515 1785,2520 1824,2522 1863,2525 1901,2530 1940,2529 1979,2530 2018,2531 2057,2531 2057,2488 2018,2488 1979,2487 1940,2486 1901,2487 1863,2482 1824,2479 1785,2477 1746,2472 1707,2470 1669,2469 1630,2467 1591,2467 1552,2464 1513,2462 1475,2461 1436,2459 1397,2458 1358,2458 1319,2458 1281,2455"/>
                <Baseline points="1281,2484 1319,2487 1358,2487 1397,2487 1436,2488 1475,2490 1513,2491 1552,2493 1591,2496 1630,2496 1669,2498 1707,2499 1746,2501 1785,2506 1824,2508 1863,2511 1901,2516 1940,2515 1979,2516 2018,2517 2076,2517"/>
                <TextEquiv>
                    <Unicode>ẽẽ ꝯtraria doct̾ne xpi ymo</Unicode>
                </TextEquiv>
            </TextLine>
            <TextLine id="tr_2_tl_31" custom="readingOrder {index:30;}">
                <Coords points="1272,2570 1315,2567 1359,2567 1403,2567 1447,2570 1491,2570 1535,2570 1579,2573 1623,2576 1667,2581 1711,2584 1754,2585 1798,2587 1842,2590 1886,2593 1930,2596 1974,2597 2018,2597 2062,2599 2106,2600 2150,2600 2150,2557 2106,2557 2062,2556 2018,2554 1974,2554 1930,2553 1886,2550 1842,2547 1798,2544 1754,2542 1711,2541 1667,2538 1623,2533 1579,2530 1535,2527 1491,2527 1447,2527 1403,2524 1359,2524 1315,2524 1272,2527"/>
                <Baseline points="1272,2556 1315,2553 1359,2553 1403,2553 1447,2556 1491,2556 1535,2556 1579,2559 1623,2562 1667,2567 1711,2570 1754,2571 1798,2573 1842,2576 1886,2579 1930,2582 1974,2583 2018,2583 2062,2585 2106,2586 2159,2586"/>
                <TextEquiv>
                    <Unicode>maio̾e; auͣctem h; ꝙ̃ cet̾i docto̾es</Unicode>
                </TextEquiv>
            </TextLine>
            <TextLine id="tr_2_tl_32" custom="readingOrder {index:31;}">
                <Coords points="1275,2630 1318,2633 1361,2633 1405,2636 1448,2636 1492,2639 1535,2639 1579,2639 1622,2641 1666,2644 1709,2647 1752,2648 1796,2652 1839,2656 1883,2657 1926,2659 1970,2662 2013,2663 2057,2663 2100,2664 2144,2660 2144,2617 2100,2621 2057,2620 2013,2620 1970,2619 1926,2616 1883,2614 1839,2613 1796,2609 1752,2605 1709,2604 1666,2601 1622,2598 1579,2596 1535,2596 1492,2596 1448,2593 1405,2593 1361,2590 1318,2590 1275,2587"/>
                <Baseline points="1275,2616 1318,2619 1361,2619 1405,2622 1448,2622 1492,2625 1535,2625 1579,2625 1622,2627 1666,2630 1709,2633 1752,2634 1796,2638 1839,2642 1883,2643 1926,2645 1970,2648 2013,2649 2057,2649 2100,2650 2144,2646"/>
                <TextEquiv>
                    <Unicode>eccĩ̃e Et hoc decla̾at stũs Augꝰ</Unicode>
                </TextEquiv>
            </TextLine>
            <TextLine id="tr_2_tl_33" custom="readingOrder {index:32;}">
                <Coords points="1257,2708 1299,2702 1342,2702 1385,2699 1427,2701 1470,2704 1513,2705 1555,2707 1598,2708 1641,2710 1684,2713 1726,2715 1769,2718 1812,2720 1854,2721 1897,2723 1940,2723 1982,2724 2025,2726 2068,2723 2111,2726 2111,2680 2068,2677 2025,2680 1982,2678 1940,2677 1897,2677 1854,2675 1812,2674 1769,2672 1726,2669 1684,2667 1641,2664 1598,2662 1555,2661 1513,2659 1470,2658 1427,2655 1385,2653 1342,2656 1299,2656 1257,2662"/>
                <Baseline points="1257,2693 1299,2687 1342,2687 1385,2684 1427,2686 1470,2689 1513,2690 1555,2692 1598,2693 1641,2695 1684,2698 1726,2700 1769,2703 1812,2705 1854,2706 1897,2708 1940,2708 1982,2709 2025,2711 2068,2708 2111,2711"/>
                <TextEquiv>
                    <Unicode>Cũ dicit placuit enĩ spuĩ scõ</Unicode>
                </TextEquiv>
            </TextLine>
            <TextLine id="tr_2_tl_34" custom="readingOrder {index:33;}">
                <Coords points="1266,2771 1307,2771 1348,2771 1390,2773 1431,2774 1472,2774 1514,2774 1555,2774 1596,2775 1638,2778 1679,2780 1720,2780 1762,2783 1803,2786 1844,2786 1886,2791 1927,2792 1968,2792 2010,2794 2051,2795 2093,2795 2093,2750 2051,2750 2010,2749 1968,2747 1927,2747 1886,2746 1844,2741 1803,2741 1762,2738 1720,2735 1679,2735 1638,2733 1596,2730 1555,2729 1514,2729 1472,2729 1431,2729 1390,2728 1348,2726 1307,2726 1266,2726"/>
                <Baseline points="1266,2756 1307,2756 1348,2756 1390,2758 1431,2759 1472,2759 1514,2759 1555,2759 1596,2760 1638,2763 1679,2765 1720,2765 1762,2768 1803,2771 1844,2771 1886,2776 1927,2777 1968,2777 2010,2779 2051,2780 2093,2780"/>
                <TextEquiv>
                    <Unicode>cũ tñ nõ ꝯstet sibi nisi ꝑ hoc ꝙ</Unicode>
                </TextEquiv>
            </TextLine>
            <TextLine id="tr_2_tl_35" custom="readingOrder {index:34;}">
                <Coords points="1260,2837 1302,2834 1344,2834 1387,2834 1429,2834 1472,2836 1514,2839 1556,2842 1599,2843 1641,2843 1684,2844 1726,2847 1768,2850 1811,2852 1853,2853 1896,2856 1938,2861 1980,2861 2023,2864 2065,2864 2108,2867 2108,2822 2065,2819 2023,2819 1980,2816 1938,2816 1896,2811 1853,2808 1811,2807 1768,2805 1726,2802 1684,2799 1641,2798 1599,2798 1556,2797 1514,2794 1472,2791 1429,2789 1387,2789 1344,2789 1302,2789 1260,2792"/>
                <Baseline points="1260,2822 1302,2819 1344,2819 1387,2819 1429,2819 1472,2821 1514,2824 1556,2827 1599,2828 1641,2828 1684,2829 1726,2832 1768,2835 1811,2837 1853,2838 1896,2841 1938,2846 1980,2846 2023,2849 2065,2849 2108,2852"/>
                <TextEquiv>
                    <Unicode>mos iste ÷ ista ꝯswetudo in tota</Unicode>
                </TextEquiv>
            </TextLine>
            <TextLine id="tr_2_tl_36" custom="readingOrder {index:35;}">
                <Coords points="1266,2903 1306,2903 1347,2903 1388,2903 1429,2905 1469,2906 1510,2907 1551,2908 1592,2909 1632,2912 1673,2914 1714,2914 1755,2917 1795,2919 1836,2920 1877,2924 1918,2926 1958,2927 1999,2929 2040,2931 2081,2929 2081,2883 2040,2885 1999,2883 1958,2881 1918,2880 1877,2878 1836,2874 1795,2873 1755,2871 1714,2868 1673,2868 1632,2866 1592,2863 1551,2862 1510,2861 1469,2860 1429,2859 1388,2857 1347,2857 1306,2857 1266,2857"/>
                <Baseline points="1266,2888 1306,2888 1347,2888 1388,2888 1429,2890 1469,2891 1510,2892 1551,2893 1592,2894 1632,2897 1673,2899 1714,2899 1755,2902 1795,2904 1836,2905 1877,2909 1918,2911 1958,2912 1999,2914 2040,2916 2081,2914"/>
                <TextEquiv>
                    <Unicode>eccĩ̃a seruatur Et hoc sumit</Unicode>
                </TextEquiv>
            </TextLine>
            <TextLine id="tr_2_tl_37" custom="readingOrder {index:36;}">
                <Coords points="1248,2964 1289,2967 1331,2967 1372,2969 1414,2970 1455,2972 1497,2973 1538,2974 1580,2976 1621,2977 1663,2980 1704,2982 1746,2982 1787,2985 1829,2988 1870,2988 1912,2988 1953,2990 1995,2993 2036,2994 2078,2994 2078,2951 2036,2951 1995,2950 1953,2947 1912,2945 1870,2945 1829,2945 1787,2942 1746,2939 1704,2939 1663,2937 1621,2934 1580,2933 1538,2931 1497,2930 1455,2929 1414,2927 1372,2926 1331,2924 1289,2924 1248,2921"/>
                <Baseline points="1248,2950 1289,2953 1331,2953 1372,2955 1414,2956 1455,2958 1497,2959 1538,2960 1580,2962 1621,2963 1663,2966 1704,2968 1746,2968 1787,2971 1829,2974 1870,2974 1912,2974 1953,2976 1995,2979 2036,2980 2078,2980"/>
                <TextEquiv>
                    <Unicode>de 15ᵒ caᵒ libri actuũ applorũ</Unicode>
                </TextEquiv>
            </TextLine>
            <TextLine id="tr_2_tl_38" custom="readingOrder {index:37;}">
                <Coords points="1254,3033 1298,3030 1342,3030 1387,3030 1431,3033 1475,3033 1520,3036 1564,3036 1608,3039 1653,3042 1697,3045 1741,3045 1786,3045 1830,3048 1874,3051 1919,3054 1963,3054 2007,3059 2052,3060 2096,3060 2141,3066 2141,3023 2096,3017 2052,3017 2007,3016 1963,3011 1919,3011 1874,3008 1830,3005 1786,3002 1741,3002 1697,3002 1653,2999 1608,2996 1564,2993 1520,2993 1475,2990 1431,2990 1387,2987 1342,2987 1298,2987 1254,2990"/>
                <Baseline points="1254,3019 1298,3016 1342,3016 1387,3016 1431,3019 1475,3019 1520,3022 1564,3022 1608,3025 1653,3028 1697,3031 1741,3031 1786,3031 1830,3034 1874,3037 1919,3040 1963,3040 2007,3045 2052,3046 2096,3046 2141,3052"/>
                <TextEquiv>
                    <Unicode>ubi aplĩ ꝯgͤgati decla̾uerũt snĩa;</Unicode>
                </TextEquiv>
            </TextLine>
            <TextLine id="tr_2_tl_39" custom="readingOrder {index:38;}">
                <Coords points="1248,3103 1290,3103 1332,3103 1375,3106 1417,3106 1460,3108 1502,3109 1544,3111 1587,3112 1629,3114 1672,3115 1714,3116 1756,3119 1799,3121 1841,3121 1884,3122 1926,3124 1968,3127 2011,3127 2053,3127 2096,3127 2096,3081 2053,3081 2011,3081 1968,3081 1926,3078 1884,3076 1841,3075 1799,3075 1756,3073 1714,3070 1672,3069 1629,3068 1587,3066 1544,3065 1502,3063 1460,3062 1417,3060 1375,3060 1332,3057 1290,3057 1248,3057"/>
                <Baseline points="1248,3088 1290,3088 1332,3088 1375,3091 1417,3091 1460,3093 1502,3094 1544,3096 1587,3097 1629,3099 1672,3100 1714,3101 1756,3104 1799,3106 1841,3106 1884,3107 1926,3109 1968,3112 2011,3112 2053,3112 2096,3112"/>
                <TextEquiv>
                    <Unicode>ulĩs eccĩe katholice esse snĩam</Unicode>
                </TextEquiv>
            </TextLine>
        </TextRegion>
    </Page>
</PcGts>
