2625 3781
59 431 409 593 ſc̃ tc̃tata lꝯ tal̃ pꝭ
612 413 854 479 pm calũ
447 499 1116 560 Iam ſatis oñſum eſt ꝙ ꝑ
453 575 1164 626 spturã ſacrã neꝙ oñdi ab
400 634 1161 687 solutã quitandi sub utq(?) ſſe
394 696 1146 751 ncc̃tē õibus fidelib(?) a xpõ
394 762 1173 817 fuiſſe impoſitsã ꝑ p̃reptũ euã
388 831 1131 880 gelii Cout igitur ruded
382 893 1188 939 est ad dcã doctor(?) eccle ꝙ uis
376 950 1176 1005 iã ſufficiẽt rnſu ſit ꝙ ſi a
364 1022 1197 1074 dcã in go nõ ſũt ꝯtra detiacioꝫ
373 1084 1119 1136 eccĩe tũnc crũdẽ nõ optet
370 1150 1140 1199 Si võ ſũt ꝯ eccĩe detidioꝫ
391 1214 1116 1265 nihil pbãt q ꝑretc̃tatis
400 1274 1143 1327 ſũt hñda ut dcm̃ ẽ ſupra
397 1336 1146 1393 et eccĩa maiori ͤ aũctis quã cet
379 1402 1173 1451 doctoẽs ut ſup̃ dõy et inf̃ plenĩ
379 1465 1173 1511 dicetur verũtm ut aꝑꝑeat ad
370 1519 1137 1572 ꝯſolatõꝫ fideliũ ꝙ doctoẽs non
376 1583 1185 1632 hũerũt oppiõꝫ ꝯ̃riã eccĩe detiã
391 1647 1140 1695 cõi rũd brevit ẽ ad ſinglãs
364 1704 1176 1760 Sꝫ ꝑ b(???) declãcoẽ om̃i aũctũ
376 1772 1122 1820 eoꝝ diligent nonda ſũt tria
388 1827 1122 1877 P̃o igĩ nond ẽ ꝙ ãtiqt̃q nõ
391 1889 1167 1937 fui ꝯ̃ ꝯſueũe vlĩs eccĩe nc
376 1949 1131 2002 ꝯ̃ mãdatũ eiꝯ põrigẽ ꝯuĩoꝫ
406 2008 1146 2067 ppl̃o ĩ q̃bqdã eccĩis ſb ut̃r℥ ſpẽ
364 2073 1167 2131 Et iõ quid ſic ſecerpt (sed) nõ de
379 2136 1143 2194 ncc̃i ͭ ͤ ſalut qĩ eẽt preptũ x
364 2196 1119 2262 qi q ͦ falſũ ẽ et ꝙuis ĩ illo
376 2261 1170 2322 tp̃e ꝑmiſſũ eẽt ſic facẽ tn tpẽ
376 2330 1161 2394 isto prcloſũ et nociuũ foet ũli
391 2396 1158 2458 eccĩe ut sup̃ declatũ ẽ eſt iõ
376 2458 1161 2528 ille histõe seu dcã ſtõꝝ q̃bq
364 2527 1122 2588 narrat ͛ ꝙtũs mõq ꝯũnicandi
388 2587 1116 2648 ſuit ĩ aliq̃ eccĩa ñl ꝯcludũt
364 2651 1137 2705 ꝙ nõ valꝫ argum̃tũ dco ho
370 2712 1140 2771 illid fuit obsuatũ ĩ illa ut
379 2773 1119 2832 illa eccĩa ũl et ĩ oĩbus ∕ go
376 2835 1194 2896 ões fideles ſit tenẽtur obsuaẽ
352 2904 1161 2969 isto tp̃e de ncc̃i ͭ ͤ  ſalutſ rñsũ
367 2978 1081 3036 ẽ em̃ ſuſſit ad hãc obieciõꝫ
1352 495 2153 552 sup̃ m tc̃tau p(?) calo xvi ͦ scdõ
1358 555 2135 613 noñdũ ẽ ꝙ ho sacratũ grãm
1349 615 2156 670 auget ĩ sumẽtibus digne ꝫ dꝫ
1334 673 2096 724 offerri ĩ mẽoriã passiõis xpĩ
1343 730 2150 787 ita ꝙ ĩ ipã oblatõe rp̃ute pão
1358 793 2156 847 xpĩ ut ſup̃ dcm̃ ẽ et iõ in ho
1361 861 2138 912 ꝯrdanda ſut̃ duo viꝫ rũtacõ
1352 927 2204 978 paſſiõis xpĩ et efficacia pficĩedi
1355 994 2224 1041 ſumẽte ĩ x ͦ repũtatõ fit mẽbꝯ
1358 1062 2171 1113 ſpẽbus visibꝯ sꝫ efficacia de
1343 1121 2159 1178 pendꝫ ex re invisbĩlr ꝯtẽta
1358 1184 2111 1238 ſub spẽbꝯ q igi͛ de ſũt ſpẽb
1355 1247 2147 1304 ſeu acci ͣ pãis tae ſũt ſpẽb
1337 1309 2153 1363 uini iõ nõ ꝫ una utriuſ qꝫ ſpes
1346 1375 2123 1426 rũtacõ paſſiõib xpĩ q fraccõ
1352 1438 2123 1492 ſpẽꝝ pãis repũtat uulnẽatoꝫ
1343 1502 2099 1551 corpus xpĩ supcõ võ ſacrati
1343 1564 2222 1612 ſub ſpẽ uini rñtat effuſioꝫ ſaguis
1343 1621 2144 1676 eiꝯ uñ btũs aug q dt in lib ͦ
1343 1684 2195 1746 ſnĩaꝝ ꝑſperi dũ frãgit hoſtia
1332 1747 2162 1810 dũ sags de calice ĩ ora fideliũ
1326 1814 2159 1865 fũditur quid a(?) quã dĩcci cor(?)
1332 1877 2117 1922 in ce ymolacõ eius q ſag
1320 1939 2096 1987 de latẽ effuſio deſigna et ĩo
1323 2001 2138 2051 ꝯficiẽs qui hꝫ facẽ hãc rũtatõꝫ
1334 2065 2117 2116 ut ſup̃ dc̃m ẽ dꝫ ſub ut̃rq ſpẽ
1326 2125 2054 2181 ꝯficẽ et ſumẽ ∕ alioqũ ip̃m
1337 2194 2129 2250 sacrm̃ eẽt imꝑficm quo ad rũ
1332 2259 2135 2316 tacõꝫ sed pꝯ q̃ ſacdos ꝯfecit
1314 2324 2126 2382 et ſũpſit ſacratũ ſb ut̃rq spẽ iã
1340 2387 2090 2441 sacratũ ꝑfibũ ẽ / eciã ſi nlls
1326 2449 2147 2499 aliꝯ ſumat ſĩt ꝯtingit qñ ſolq
1329 2508 2126 2564 ſacdos ꝯuĩcat et iõ ad ꝑfiõꝫ
1332 2571 2144 2627 ſac ͭ ͥ nõ exigitur ꝙ ꝑꝑlus ꝯũicꝫ
1340 2640 2174 2701 ſ̃b ut̃rq ſpẽ q ecꝭ ſi nlls ꝯũicarꝫ
1332 2707 2150 2758 pꝰ ꝙ̃ sacdos ſb ut̃q spẽ obtulit
1334 2773 2126 2827 et sũpſit iã ꝑfectus ẽ ſacrificiũ
1326 2836 2123 2896 et ad ĩpletum xpĩ mãdatũ
1320 2899 2171 2955 dicetꝭ ho facite ĩ meã ꝯmẽoã ͦ ͛
1329 2964 2090 3013 efficacia aũt ſacrati nõ de
1326 3025 2183 3073 pendꝫ ho spẽbꝯ (?) ex re ꝯtẽta
