<?xml version="1.0" encoding="UTF-8" standalone="yes"?>
<PcGts xmlns="http://schema.primaresearch.org/PAGE/gts/pagecontent/2013-07-15" xmlns:xsi="http://www.w3.org/2001/XMLSchema-instance" xsi:schemaLocation="http://schema.primaresearch.org/PAGE/gts/pagecontent/2013-07-15 http://schema.primaresearch.org/PAGE/gts/pagecontent/2013-07-15/pagecontent.xsd">
    <Metadata>
        <Creator>Transkribus</Creator>
        <Created>2024-11-08T10:21:11.223+01:00</Created>
        <LastChange>2024-12-05T21:39:21.481+01:00</LastChange>
        <TranskribusMetadata docId="5059195" pageId="82698445" pageNr="85" tsid="210328766" status="DONE" userId="218704" imgUrl="https://files.transkribus.eu/Get?id=QCELBXSKFUUDUZKIWCPHVRJW&amp;fileType=view" xmlUrl="https://files.transkribus.eu/Get?id=AVTGAWGYHTMQXHGAXXBLRNRF" imageId="68046666"/>
    </Metadata>
    <Page imageFilename="0085_DTL_3262558-0085.jpeg" imageWidth="2648" imageHeight="3775">
        <ReadingOrder>
            <OrderedGroup id="ro_1734604255614" caption="Regions reading order">
                <RegionRefIndexed index="0" regionRef="tr_1"/>
                <RegionRefIndexed index="1" regionRef="tr_2"/>
            </OrderedGroup>
        </ReadingOrder>
        <TextRegion orientation="0.0" id="tr_1" custom="readingOrder {index:0;}">
            <Coords points="471,466 471,3069 1349,3069 1349,466"/>
            <TextLine id="tr_1_tl_1" custom="readingOrder {index:0;}">
                <Coords points="498,511 536,508 574,506 612,507 651,507 689,505 727,505 765,505 804,505 842,507 880,508 918,509 957,510 995,508 1033,511 1071,513 1110,514 1148,514 1186,514 1224,515 1263,517 1263,478 1224,476 1186,475 1148,475 1110,475 1071,474 1033,472 995,469 957,471 918,470 880,469 842,468 804,466 765,466 727,466 689,466 651,468 612,468 574,467 536,469 498,472"/>
                <Baseline points="498,498 536,495 574,493 612,494 651,494 689,492 727,492 765,492 804,492 842,494 880,495 918,496 957,497 995,495 1033,498 1071,500 1110,501 1148,501 1186,501 1224,502 1263,504"/>
                <TextEquiv>
                    <Unicode>ſub ſpẽbus ut ſup̃ dc̃m ẽ Cũ</Unicode>
                </TextEquiv>
            </TextLine>
            <TextLine id="tr_1_tl_2" custom="readingOrder {index:1;}">
                <Coords points="498,565 538,568 578,568 618,570 658,571 699,570 739,569 779,571 819,571 859,571 900,571 940,571 980,573 1020,576 1060,579 1101,580 1141,580 1181,580 1221,580 1261,583 1302,586 1302,547 1261,544 1221,541 1181,541 1141,541 1101,541 1060,540 1020,537 980,534 940,532 900,532 859,532 819,532 779,532 739,530 699,531 658,532 618,531 578,529 538,529 498,526"/>
                <Baseline points="498,552 538,555 578,555 618,557 658,558 699,557 739,556 779,558 819,558 859,558 900,558 940,558 980,560 1020,563 1060,566 1101,567 1141,567 1181,567 1221,567 1261,570 1302,573"/>
                <TextEquiv>
                    <Unicode>una et eã res ꝯtmeã ſb una</Unicode>
                </TextEquiv>
            </TextLine>
            <TextLine id="tr_1_tl_3" custom="readingOrder {index:2;}">
                <Coords points="498,635 537,635 576,635 615,635 654,635 693,635 732,635 771,635 810,638 849,636 888,637 927,638 966,638 1005,639 1044,642 1083,644 1122,641 1161,643 1200,646 1239,649 1278,650 1278,608 1239,607 1200,604 1161,601 1122,599 1083,602 1044,600 1005,597 966,596 927,596 888,595 849,594 810,596 771,593 732,593 693,593 654,593 615,593 576,593 537,593 498,593"/>
                <Baseline points="498,621 537,621 576,621 615,621 654,621 693,621 732,621 771,621 810,624 849,622 888,623 927,624 966,624 1005,625 1044,628 1083,630 1122,627 1161,629 1200,632 1239,635 1278,636"/>
                <TextEquiv>
                    <Unicode>et alteã spẽ et ſb ũtq ſl vi;</Unicode>
                </TextEquiv>
            </TextLine>
            <TextLine id="tr_1_tl_4" custom="readingOrder {index:3;}">
                <Coords points="510,697 548,697 586,697 624,697 662,697 700,697 738,697 776,697 814,697 852,697 891,697 929,697 967,697 1005,697 1043,700 1081,700 1119,702 1157,703 1195,704 1233,706 1272,706 1272,664 1233,664 1195,662 1157,661 1119,660 1081,658 1043,658 1005,655 967,655 929,655 891,655 852,655 814,655 776,655 738,655 700,655 662,655 624,655 586,655 548,655 510,655"/>
                <Baseline points="510,683 548,683 586,683 624,683 662,683 700,683 738,683 776,683 814,683 852,683 891,683 929,683 967,683 1005,683 1043,686 1081,686 1119,688 1157,689 1195,690 1233,692 1272,692"/>
                <TextEquiv>
                    <Unicode>integer x9 mãitũ ẽ ꝙ ẽã eſt</Unicode>
                </TextEquiv>
            </TextLine>
            <TextLine id="tr_1_tl_5" custom="readingOrder {index:4;}">
                <Coords points="522,760 559,762 597,759 634,757 672,757 710,757 747,757 785,757 823,757 860,759 898,760 936,760 973,760 1011,765 1049,766 1086,764 1124,763 1162,763 1199,763 1237,766 1275,763 1275,720 1237,723 1199,720 1162,720 1124,720 1086,721 1049,723 1011,722 973,717 936,717 898,717 860,716 823,714 785,714 747,714 710,714 672,714 634,714 597,716 559,719 522,717"/>
                <Baseline points="522,746 559,748 597,745 634,743 672,743 710,743 747,743 785,743 823,743 860,745 898,746 936,746 973,746 1011,751 1049,752 1086,750 1124,749 1162,749 1199,749 1237,752 1275,749"/>
                <TextEquiv>
                    <Unicode>efficacia et id effct̃s qꝯ sacrati</Unicode>
                </TextEquiv>
            </TextLine>
            <TextLine id="tr_1_tl_6" custom="readingOrder {index:5;}">
                <Coords points="534,820 572,820 611,820 650,822 688,822 727,820 766,821 804,823 843,823 882,823 921,823 959,823 998,823 1037,824 1075,826 1114,826 1153,828 1191,829 1230,827 1269,828 1308,832 1308,789 1269,785 1230,784 1191,786 1153,785 1114,783 1075,783 1037,781 998,780 959,780 921,780 882,780 843,780 804,780 766,778 727,777 688,779 650,779 611,777 572,777 534,777"/>
                <Baseline points="534,806 572,806 611,806 650,808 688,808 727,806 766,807 804,809 843,809 882,809 921,809 959,809 998,809 1037,810 1075,812 1114,812 1153,814 1191,815 1230,813 1269,814 1308,818"/>
                <TextEquiv>
                    <Unicode>ſũ ſb una ſũ utrq ſumat̃</Unicode>
                </TextEquiv>
            </TextLine>
            <TextLine id="tr_1_tl_7" custom="readingOrder {index:6;}">
                <Coords points="489,886 530,892 571,891 612,886 653,887 694,886 735,886 776,888 817,889 858,890 900,892 941,892 982,893 1023,895 1064,895 1105,895 1146,898 1187,898 1228,898 1269,898 1311,898 1311,855 1269,855 1228,855 1187,855 1146,855 1105,852 1064,852 1023,852 982,850 941,849 900,849 858,847 817,846 776,845 735,843 694,843 653,844 612,843 571,848 530,849 489,843"/>
                <Baseline points="489,872 530,878 571,877 612,872 653,873 694,872 735,872 776,874 817,875 858,876 900,878 941,878 982,879 1023,881 1064,881 1105,881 1146,884 1187,884 1228,884 1269,884 1311,884"/>
                <TextEquiv>
                    <Unicode>Ex quibꝯ ꝯcludĩ ꝙ ſurm̃ nõ</Unicode>
                </TextEquiv>
            </TextLine>
            <TextLine id="tr_1_tl_8" custom="readingOrder {index:7;}">
                <Coords points="528,960 566,954 604,954 642,954 680,952 718,951 756,952 794,957 832,954 870,954 909,958 947,960 985,960 1023,957 1061,957 1099,957 1137,957 1175,955 1213,955 1251,957 1290,957 1290,914 1251,914 1213,912 1175,912 1137,914 1099,914 1061,914 1023,914 985,917 947,917 909,915 870,911 832,911 794,914 756,909 718,908 680,909 642,911 604,911 566,911 528,917"/>
                <Baseline points="528,946 566,940 604,940 642,940 680,938 718,937 756,938 794,943 832,940 870,940 909,944 947,946 985,946 1023,943 1061,943 1099,943 1137,943 1175,941 1213,941 1251,943 1290,943"/>
                <TextEquiv>
                    <Unicode>pt̃ c̃c̃ mmpfõm ex pte effica ͤ</Unicode>
                </TextEquiv>
            </TextLine>
            <TextLine id="tr_1_tl_9" custom="readingOrder {index:8;}">
                <Coords points="548,1021 587,1015 626,1016 665,1015 704,1015 744,1018 783,1021 822,1023 861,1023 900,1023 940,1025 979,1026 1018,1025 1057,1023 1096,1024 1136,1025 1175,1020 1214,1020 1253,1020 1292,1020 1332,1023 1332,980 1292,977 1253,977 1214,977 1175,977 1136,982 1096,981 1057,980 1018,982 979,983 940,982 900,980 861,980 822,980 783,978 744,975 704,972 665,972 626,973 587,972 548,978"/>
                <Baseline points="548,1007 587,1001 626,1002 665,1001 704,1001 744,1004 783,1007 822,1009 861,1009 900,1009 940,1011 979,1012 1018,1011 1057,1009 1096,1010 1136,1011 1175,1006 1214,1006 1253,1006 1292,1006 1332,1009"/>
                <TextEquiv>
                    <Unicode>q v̾tus eis et ꝑfecta efficacia</Unicode>
                </TextEquiv>
            </TextLine>
            <TextLine id="tr_1_tl_10" custom="readingOrder {index:9;}">
                <Coords points="519,1107 558,1099 598,1088 638,1084 678,1081 718,1080 758,1080 798,1081 838,1084 878,1086 918,1083 958,1086 998,1086 1038,1086 1078,1086 1118,1086 1158,1086 1198,1086 1238,1087 1278,1092 1278,1049 1238,1044 1198,1043 1158,1043 1118,1043 1078,1043 1038,1043 998,1043 958,1043 918,1040 878,1043 838,1041 798,1038 758,1037 718,1037 678,1038 638,1041 598,1045 558,1056 519,1064"/>
                <Baseline points="519,1093 558,1085 598,1074 638,1070 678,1067 718,1066 758,1066 798,1067 838,1070 878,1072 918,1069 958,1072 998,1072 1038,1072 1078,1072 1118,1072 1158,1072 1198,1072 1238,1073 1278,1078"/>
                <TextEquiv>
                    <Unicode>pꝰſeq͛tur rẽ sacram̃ti ex q̃</Unicode>
                </TextEquiv>
            </TextLine>
            <TextLine id="tr_1_tl_11" custom="readingOrder {index:10;}">
                <Coords points="531,1145 571,1145 612,1145 653,1143 694,1142 735,1144 776,1145 817,1144 858,1142 899,1143 940,1145 980,1145 1021,1145 1062,1145 1103,1145 1144,1145 1185,1147 1226,1150 1267,1150 1308,1148 1349,1148 1349,1106 1308,1106 1267,1108 1226,1108 1185,1105 1144,1103 1103,1103 1062,1103 1021,1103 980,1103 940,1103 899,1101 858,1100 817,1102 776,1103 735,1102 694,1100 653,1101 612,1103 571,1103 531,1103"/>
                <Baseline points="531,1131 571,1131 612,1131 653,1129 694,1128 735,1130 776,1131 817,1130 858,1128 899,1129 940,1131 980,1131 1021,1131 1062,1131 1103,1131 1144,1131 1185,1133 1226,1136 1267,1136 1308,1134 1349,1134"/>
                <TextEquiv>
                    <Unicode>depend; q̃ res ſub qual; ſpeꝝ</Unicode>
                </TextEquiv>
            </TextLine>
            <TextLine id="tr_1_tl_12" custom="readingOrder {index:11;}">
                <Coords points="519,1208 560,1203 601,1202 642,1202 683,1204 725,1203 766,1202 807,1202 848,1203 889,1205 931,1206 972,1208 1013,1208 1054,1211 1095,1211 1137,1216 1178,1215 1219,1214 1260,1212 1301,1212 1343,1214 1343,1172 1301,1170 1260,1170 1219,1172 1178,1173 1137,1174 1095,1169 1054,1169 1013,1166 972,1166 931,1164 889,1163 848,1161 807,1160 766,1160 725,1161 683,1162 642,1160 601,1160 560,1161 519,1166"/>
                <Baseline points="519,1194 560,1189 601,1188 642,1188 683,1190 725,1189 766,1188 807,1188 848,1189 889,1191 931,1192 972,1194 1013,1194 1054,1197 1095,1197 1137,1202 1178,1201 1219,1200 1260,1198 1301,1198 1343,1200"/>
                <TextEquiv>
                    <Unicode>pticula tõ ꝯtinẽ ut ſup̃ pbatũ</Unicode>
                </TextEquiv>
            </TextLine>
            <TextLine id="tr_1_tl_13" custom="readingOrder {index:12;}">
                <Coords points="531,1265 569,1265 608,1265 647,1267 685,1268 724,1269 763,1271 801,1271 840,1271 879,1271 918,1273 956,1274 995,1274 1034,1274 1072,1274 1111,1277 1150,1279 1188,1280 1227,1280 1266,1280 1305,1280 1305,1237 1266,1237 1227,1237 1188,1237 1150,1236 1111,1234 1072,1231 1034,1231 995,1231 956,1231 918,1230 879,1228 840,1228 801,1228 763,1228 724,1226 685,1225 647,1224 608,1222 569,1222 531,1222"/>
                <Baseline points="531,1251 569,1251 608,1251 647,1253 685,1254 724,1255 763,1257 801,1257 840,1257 879,1257 918,1259 956,1260 995,1260 1034,1260 1072,1260 1111,1263 1150,1265 1188,1266 1227,1266 1266,1266 1305,1266"/>
                <TextEquiv>
                    <Unicode>eſt Ex hiis p; ꝙ aũctas btĩ</Unicode>
                </TextEquiv>
            </TextLine>
            <TextLine id="tr_1_tl_14" custom="readingOrder {index:13;}">
                <Coords points="519,1328 557,1325 595,1325 633,1327 671,1328 709,1329 747,1331 785,1334 823,1334 861,1334 900,1336 938,1338 976,1339 1014,1337 1052,1337 1090,1339 1128,1340 1166,1340 1204,1341 1242,1344 1281,1351 1281,1308 1242,1301 1204,1298 1166,1297 1128,1297 1090,1296 1052,1294 1014,1294 976,1296 938,1295 900,1293 861,1291 823,1291 785,1291 747,1288 709,1286 671,1285 633,1284 595,1282 557,1282 519,1285"/>
                <Baseline points="519,1314 557,1311 595,1311 633,1313 671,1314 709,1315 747,1317 785,1320 823,1320 861,1320 900,1322 938,1324 976,1325 1014,1323 1052,1323 1090,1325 1128,1326 1166,1326 1204,1327 1242,1330 1281,1337"/>
                <TextEquiv>
                    <Unicode>auguſtĩ ĩme ͭ ͤ p̃altegata et</Unicode>
                </TextEquiv>
            </TextLine>
            <TextLine id="tr_1_tl_15" custom="readingOrder {index:14;}">
                <Coords points="528,1393 566,1390 604,1390 642,1390 680,1390 718,1391 756,1393 794,1393 832,1395 870,1398 909,1399 947,1401 985,1405 1023,1405 1061,1408 1099,1406 1137,1407 1175,1407 1213,1405 1251,1405 1290,1408 1290,1365 1251,1362 1213,1362 1175,1364 1137,1364 1099,1363 1061,1365 1023,1362 985,1362 947,1358 909,1356 870,1355 832,1352 794,1350 756,1350 718,1348 680,1347 642,1347 604,1347 566,1347 528,1350"/>
                <Baseline points="528,1379 566,1376 604,1376 642,1376 680,1376 718,1377 756,1379 794,1379 832,1381 870,1384 909,1385 947,1387 985,1391 1023,1391 1061,1394 1099,1392 1137,1393 1175,1393 1213,1391 1251,1391 1290,1394"/>
                <TextEquiv>
                    <Unicode>cetẽ aũctes ſtõꝝ ĩ qbꝯ dr ꝙ</Unicode>
                </TextEquiv>
            </TextLine>
            <TextLine id="tr_1_tl_16" custom="readingOrder {index:15;}">
                <Coords points="531,1468 569,1460 608,1459 647,1459 686,1462 725,1465 764,1464 802,1462 841,1465 880,1465 919,1465 958,1468 997,1471 1036,1471 1074,1471 1113,1471 1152,1474 1191,1474 1230,1474 1269,1478 1308,1483 1308,1441 1269,1436 1230,1432 1191,1432 1152,1432 1113,1429 1074,1429 1036,1429 997,1429 958,1426 919,1423 880,1423 841,1423 802,1420 764,1422 725,1423 686,1420 647,1417 608,1417 569,1418 531,1426"/>
                <Baseline points="531,1454 569,1446 608,1445 647,1445 686,1448 725,1451 764,1450 802,1448 841,1451 880,1451 919,1451 958,1454 997,1457 1036,1457 1074,1457 1113,1457 1152,1460 1191,1460 1230,1460 1269,1464 1308,1469"/>
                <TextEquiv>
                    <Unicode>pfeccõ hꝯ sacrati ꝯſiſtit ĩ ũtq</Unicode>
                </TextEquiv>
            </TextLine>
            <TextLine id="tr_1_tl_17" custom="readingOrder {index:16;}">
                <Coords points="540,1534 575,1527 611,1527 647,1529 682,1530 718,1528 754,1530 789,1528 825,1526 861,1528 897,1525 932,1527 968,1530 1004,1532 1039,1534 1075,1534 1111,1532 1146,1531 1182,1531 1218,1531 1254,1534 1254,1492 1218,1489 1182,1489 1146,1489 1111,1490 1075,1492 1039,1492 1004,1490 968,1488 932,1485 897,1483 861,1486 825,1484 789,1486 754,1488 718,1486 682,1488 647,1487 611,1485 575,1485 540,1492"/>
                <Baseline points="540,1520 575,1513 611,1513 647,1515 682,1516 718,1514 754,1516 789,1514 825,1512 861,1514 897,1511 932,1513 968,1516 1004,1518 1039,1520 1075,1520 1111,1518 1146,1517 1182,1517 1218,1517 1254,1520"/>
                <TextEquiv>
                    <Unicode>spẽ Et ꝙ ſi ſũatur ſ̃b altã</Unicode>
                </TextEquiv>
            </TextLine>
            <TextLine id="tr_1_tl_18" custom="readingOrder {index:17;}">
                <Coords points="540,1595 578,1590 617,1589 656,1589 695,1589 734,1589 773,1590 811,1592 850,1595 889,1593 928,1592 967,1592 1006,1592 1045,1592 1083,1592 1122,1595 1161,1598 1200,1596 1239,1595 1278,1596 1317,1601 1317,1562 1278,1557 1239,1556 1200,1557 1161,1559 1122,1556 1083,1553 1045,1553 1006,1553 967,1553 928,1553 889,1554 850,1556 811,1553 773,1551 734,1550 695,1550 656,1550 617,1550 578,1551 540,1556"/>
                <Baseline points="540,1582 578,1577 617,1576 656,1576 695,1576 734,1576 773,1577 811,1579 850,1582 889,1580 928,1579 967,1579 1006,1579 1045,1579 1083,1579 1122,1582 1161,1585 1200,1583 1239,1582 1278,1583 1317,1588"/>
                <TextEquiv>
                    <Unicode>ſpẽ ſola ẽ ĩꝑfctm̃ sacratu ſeu</Unicode>
                </TextEquiv>
            </TextLine>
            <TextLine id="tr_1_tl_19" custom="readingOrder {index:18;}">
                <Coords points="540,1649 578,1652 617,1652 656,1652 695,1652 734,1653 773,1654 811,1652 850,1652 889,1655 928,1653 967,1656 1006,1658 1045,1659 1083,1661 1122,1661 1161,1667 1200,1665 1239,1664 1278,1664 1317,1664 1317,1625 1278,1625 1239,1625 1200,1626 1161,1628 1122,1622 1083,1622 1045,1620 1006,1619 967,1617 928,1614 889,1616 850,1613 811,1613 773,1615 734,1614 695,1613 656,1613 617,1613 578,1613 540,1610"/>
                <Baseline points="540,1636 578,1639 617,1639 656,1639 695,1639 734,1640 773,1641 811,1639 850,1639 889,1642 928,1640 967,1643 1006,1645 1045,1646 1083,1648 1122,1648 1161,1654 1200,1652 1239,1651 1278,1651 1317,1651"/>
                <TextEquiv>
                    <Unicode>ꝙ ẽ diuiſio uniꝯ miſtiĩ dẽnt</Unicode>
                </TextEquiv>
            </TextLine>
            <TextLine id="tr_1_tl_20" custom="readingOrder {index:19;}">
                <Coords points="510,1711 546,1706 583,1707 620,1708 657,1708 694,1708 731,1708 768,1710 805,1713 842,1714 879,1714 915,1714 952,1714 989,1716 1026,1719 1063,1720 1100,1720 1137,1723 1174,1725 1211,1730 1248,1735 1248,1698 1211,1693 1174,1688 1137,1686 1100,1683 1063,1683 1026,1682 989,1679 952,1677 915,1677 879,1677 842,1677 805,1676 768,1673 731,1671 694,1671 657,1671 620,1671 583,1670 546,1669 510,1674"/>
                <Baseline points="510,1699 546,1694 583,1695 620,1696 657,1696 694,1696 731,1696 768,1698 805,1701 842,1702 879,1702 915,1702 952,1702 989,1704 1026,1707 1063,1708 1100,1708 1137,1711 1174,1713 1211,1718 1248,1723"/>
                <TextEquiv>
                    <Unicode>int̃lligi d ĩꝑfecõe repũtacõe</Unicode>
                </TextEquiv>
            </TextLine>
            <TextLine id="tr_1_tl_21" custom="readingOrder {index:20;}">
                <Coords points="516,1765 556,1765 596,1765 637,1767 677,1768 717,1768 758,1768 798,1770 838,1773 879,1771 919,1774 959,1777 1000,1779 1040,1778 1080,1780 1121,1783 1161,1784 1201,1786 1242,1786 1282,1788 1323,1788 1323,1751 1282,1751 1242,1749 1201,1749 1161,1747 1121,1746 1080,1743 1040,1741 1000,1742 959,1740 919,1737 879,1734 838,1736 798,1733 758,1731 717,1731 677,1731 637,1730 596,1728 556,1728 516,1728"/>
                <Baseline points="516,1753 556,1753 596,1753 637,1755 677,1756 717,1756 758,1756 798,1758 838,1761 879,1759 919,1762 959,1765 1000,1767 1040,1766 1080,1768 1121,1771 1161,1772 1201,1774 1242,1774 1282,1776 1323,1776"/>
                <TextEquiv>
                    <Unicode>quã rũtacõm ſoli ꝯfictes face̾</Unicode>
                </TextEquiv>
            </TextLine>
            <TextLine id="tr_1_tl_22" custom="readingOrder {index:21;}">
                <Coords points="510,1832 549,1829 588,1829 628,1831 667,1832 707,1832 746,1833 786,1835 825,1832 865,1835 904,1835 943,1837 983,1840 1022,1841 1062,1842 1101,1844 1141,1845 1180,1850 1220,1853 1259,1853 1299,1853 1299,1811 1259,1811 1220,1811 1180,1808 1141,1803 1101,1802 1062,1800 1022,1799 983,1798 943,1795 904,1793 865,1793 825,1790 786,1793 746,1791 707,1790 667,1790 628,1789 588,1787 549,1787 510,1790"/>
                <Baseline points="510,1818 549,1815 588,1815 628,1817 667,1818 707,1818 746,1819 786,1821 825,1818 865,1821 904,1821 943,1823 983,1826 1022,1827 1062,1828 1101,1830 1141,1831 1180,1836 1220,1839 1259,1839 1299,1839"/>
                <TextEquiv>
                    <Unicode>tenet͛ ſc̃ tenẽtur hoſtiã frg̃e͛</Unicode>
                </TextEquiv>
            </TextLine>
            <TextLine id="tr_1_tl_23" custom="readingOrder {index:22;}">
                <Coords points="498,1888 542,1885 586,1888 630,1888 674,1891 718,1894 762,1894 807,1894 851,1894 895,1897 939,1897 983,1902 1027,1905 1072,1908 1116,1911 1160,1914 1204,1915 1248,1915 1292,1917 1337,1918 1337,1878 1292,1877 1248,1875 1204,1875 1160,1874 1116,1871 1072,1868 1027,1865 983,1862 939,1857 895,1857 851,1854 807,1854 762,1854 718,1854 674,1851 630,1848 586,1848 542,1845 498,1848"/>
                <Baseline points="498,1875 542,1872 586,1875 630,1875 674,1878 718,1881 762,1881 807,1881 851,1881 895,1884 939,1884 983,1889 1027,1892 1072,1895 1116,1898 1160,1901 1204,1902 1248,1902 1292,1904 1337,1905"/>
                <TextEquiv>
                    <Unicode>de qua fraccioẽ loqtur ſtꝯ Augꝰ</Unicode>
                </TextEquiv>
            </TextLine>
            <TextLine id="tr_1_tl_24" custom="readingOrder {index:23;}">
                <Coords points="504,1951 545,1954 586,1951 627,1951 669,1951 710,1953 751,1954 792,1954 834,1954 875,1955 916,1959 957,1965 999,1975 1040,1972 1081,1972 1122,1975 1164,1975 1205,1977 1246,1978 1287,1976 1329,1972 1329,1932 1287,1936 1246,1938 1205,1937 1164,1935 1122,1935 1081,1932 1040,1932 999,1935 957,1925 916,1919 875,1915 834,1914 792,1914 751,1914 710,1913 669,1911 627,1911 586,1911 545,1914 504,1911"/>
                <Baseline points="504,1938 545,1941 586,1938 627,1938 669,1938 710,1940 751,1941 792,1941 834,1941 875,1942 916,1946 957,1952 999,1962 1040,1959 1081,1959 1122,1962 1164,1962 1205,1964 1246,1965 1287,1963 1329,1959"/>
                <TextEquiv>
                    <Unicode>ĩ p̃alleta [?]uĩc ͭ ͤ Et cet̾a facẽ</Unicode>
                </TextEquiv>
            </TextLine>
            <TextLine id="tr_1_tl_25" custom="readingOrder {index:24;}">
                <Coords points="528,2028 565,2023 603,2020 641,2017 679,2016 717,2017 754,2019 792,2016 830,2020 868,2024 906,2024 943,2022 981,2022 1019,2025 1057,2027 1095,2030 1132,2031 1170,2032 1208,2034 1246,2034 1284,2034 1284,1994 1246,1994 1208,1994 1170,1992 1132,1991 1095,1990 1057,1987 1019,1985 981,1982 943,1982 906,1984 868,1984 830,1980 792,1976 754,1979 717,1977 679,1976 641,1977 603,1980 565,1983 528,1988"/>
                <Baseline points="528,2015 565,2010 603,2007 641,2004 679,2003 717,2004 754,2006 792,2003 830,2007 868,2011 906,2011 943,2009 981,2009 1019,2012 1057,2014 1095,2017 1132,2018 1170,2019 1208,2021 1246,2021 1284,2021"/>
                <TextEquiv>
                    <Unicode>q̃ xpĩ paſſiõ; rpũtãt ut ſup̃</Unicode>
                </TextEquiv>
            </TextLine>
            <TextLine id="tr_1_tl_26" custom="readingOrder {index:25;}">
                <Coords points="504,2080 544,2080 584,2080 624,2082 664,2083 705,2083 745,2083 785,2083 825,2083 865,2083 906,2083 946,2086 986,2086 1026,2088 1066,2089 1107,2092 1147,2097 1187,2101 1227,2101 1267,2104 1308,2110 1308,2068 1267,2062 1227,2059 1187,2059 1147,2055 1107,2050 1066,2047 1026,2046 986,2044 946,2044 906,2041 865,2041 825,2041 785,2041 745,2041 705,2041 664,2041 624,2040 584,2038 544,2038 504,2038"/>
                <Baseline points="504,2066 544,2066 584,2066 624,2068 664,2069 705,2069 745,2069 785,2069 825,2069 865,2069 906,2069 946,2072 986,2072 1026,2074 1066,2075 1107,2078 1147,2083 1187,2087 1227,2087 1267,2090 1308,2096"/>
                <TextEquiv>
                    <Unicode>dcm̃ ẽ Et ĩõ dtẽ aũctes nlla</Unicode>
                </TextEquiv>
            </TextLine>
            <TextLine id="tr_1_tl_27" custom="readingOrder {index:26;}">
                <Coords points="519,2143 555,2143 592,2143 628,2144 665,2147 702,2149 738,2149 775,2149 811,2149 848,2151 885,2155 921,2152 958,2152 994,2154 1031,2156 1068,2158 1104,2158 1141,2158 1177,2158 1214,2156 1251,2152 1251,2110 1214,2114 1177,2116 1141,2116 1104,2116 1068,2116 1031,2114 994,2112 958,2110 921,2110 885,2113 848,2109 811,2107 775,2107 738,2107 702,2107 665,2105 628,2102 592,2101 555,2101 519,2101"/>
                <Baseline points="519,2129 555,2129 592,2129 628,2130 665,2133 702,2135 738,2135 775,2135 811,2135 848,2137 885,2141 921,2138 958,2138 994,2140 1031,2142 1068,2144 1104,2144 1141,2144 1177,2144 1214,2142 1251,2138"/>
                <TextEquiv>
                    <Unicode>tenꝯ ꝯcludũt ꝙ nõ ꝯficiẽs</Unicode>
                </TextEquiv>
            </TextLine>
            <TextLine id="tr_1_tl_28" custom="readingOrder {index:27;}">
                <Coords points="504,2206 542,2206 581,2207 620,2209 658,2209 697,2209 736,2212 774,2212 813,2214 852,2216 891,2218 929,2219 968,2221 1007,2224 1045,2224 1084,2224 1123,2226 1161,2227 1200,2226 1239,2224 1278,2221 1278,2178 1239,2181 1200,2183 1161,2184 1123,2183 1084,2181 1045,2181 1007,2181 968,2178 929,2176 891,2175 852,2173 813,2171 774,2169 736,2169 697,2166 658,2166 620,2166 581,2164 542,2163 504,2163"/>
                <Baseline points="504,2192 542,2192 581,2193 620,2195 658,2195 697,2195 736,2198 774,2198 813,2200 852,2202 891,2204 929,2205 968,2207 1007,2210 1045,2210 1084,2210 1123,2212 1161,2213 1200,2212 1239,2210 1278,2207"/>
                <TextEquiv>
                    <Unicode>rcipiẽdo ſub ſola pãis ſpẽ r</Unicode>
                </TextEquiv>
            </TextLine>
            <TextLine id="tr_1_tl_29" custom="readingOrder {index:28;}">
                <Coords points="510,2271 548,2271 586,2271 624,2273 662,2274 700,2275 738,2280 776,2280 814,2285 852,2284 891,2284 929,2287 967,2290 1005,2292 1043,2292 1081,2292 1119,2292 1157,2292 1195,2292 1233,2292 1272,2292 1272,2249 1233,2249 1195,2249 1157,2249 1119,2249 1081,2249 1043,2249 1005,2249 967,2247 929,2244 891,2241 852,2241 814,2242 776,2237 738,2237 700,2232 662,2231 624,2230 586,2228 548,2228 510,2228"/>
                <Baseline points="510,2257 548,2257 586,2257 624,2259 662,2260 700,2261 738,2266 776,2266 814,2271 852,2270 891,2270 929,2273 967,2276 1005,2278 1043,2278 1081,2278 1119,2278 1157,2278 1195,2278 1233,2278 1272,2278"/>
                <TextEquiv>
                    <Unicode>cipiat̃ ſacrm̃ imꝑfcũm ꝙ [?]</Unicode>
                </TextEquiv>
            </TextLine>
            <TextLine id="tr_1_tl_30" custom="readingOrder {index:29;}">
                <Coords points="498,2346 537,2338 576,2337 615,2339 655,2340 694,2341 733,2344 773,2346 812,2346 851,2349 891,2351 930,2352 969,2354 1008,2356 1048,2358 1087,2358 1126,2361 1166,2361 1205,2361 1244,2363 1284,2370 1284,2327 1244,2320 1205,2318 1166,2318 1126,2318 1087,2315 1048,2315 1008,2313 969,2311 930,2309 891,2308 851,2306 812,2303 773,2303 733,2301 694,2298 655,2297 615,2296 576,2294 537,2295 498,2303"/>
                <Baseline points="498,2332 537,2324 576,2323 615,2325 655,2326 694,2327 733,2330 773,2332 812,2332 851,2335 891,2337 930,2338 969,2340 1008,2342 1048,2344 1087,2344 1126,2347 1166,2347 1205,2347 1244,2349 1284,2356"/>
                <TextEquiv>
                    <Unicode>puĩt ipm̃ cũ pfcã efficacia et</Unicode>
                </TextEquiv>
            </TextLine>
            <TextLine id="tr_1_tl_31" custom="readingOrder {index:30;}">
                <Coords points="486,2406 529,2412 572,2404 615,2403 658,2405 701,2408 744,2409 787,2411 830,2414 873,2417 917,2418 960,2420 1003,2423 1046,2424 1089,2425 1132,2427 1175,2429 1218,2432 1261,2431 1305,2433 1305,2390 1261,2388 1218,2389 1175,2386 1132,2384 1089,2382 1046,2381 1003,2380 960,2377 917,2375 873,2374 830,2371 787,2368 744,2366 701,2365 658,2362 615,2360 572,2361 529,2369 486,2363"/>
                <Baseline points="486,2392 529,2398 572,2390 615,2389 658,2391 701,2394 744,2395 787,2397 830,2400 873,2403 917,2404 960,2406 1003,2409 1046,2410 1089,2411 1132,2413 1175,2415 1218,2418 1261,2417 1305,2419"/>
                <TextEquiv>
                    <Unicode>effetũ n ad ipõs ꝑtinet ꝑfice͛</Unicode>
                </TextEquiv>
            </TextLine>
            <TextLine id="tr_1_tl_32" custom="readingOrder {index:31;}">
                <Coords points="480,2468 518,2471 557,2471 596,2471 634,2472 673,2473 712,2472 750,2474 789,2477 828,2477 867,2479 905,2480 944,2482 983,2487 1021,2489 1060,2489 1099,2494 1137,2495 1176,2495 1215,2497 1254,2504 1254,2462 1215,2455 1176,2453 1137,2453 1099,2452 1060,2447 1021,2447 983,2445 944,2440 905,2438 867,2437 828,2435 789,2435 750,2432 712,2430 673,2431 634,2430 596,2429 557,2429 518,2429 480,2426"/>
                <Baseline points="480,2454 518,2457 557,2457 596,2457 634,2458 673,2459 712,2458 750,2460 789,2463 828,2463 867,2465 905,2466 944,2468 983,2473 1021,2475 1060,2475 1099,2480 1137,2481 1176,2481 1215,2483 1254,2490"/>
                <TextEquiv>
                    <Unicode>rũtacõ; ut ſup̃ dcm̃ ẽ Hoc</Unicode>
                </TextEquiv>
            </TextLine>
            <TextLine id="tr_1_tl_33" custom="readingOrder {index:32;}">
                <Coords points="492,2537 533,2537 574,2537 615,2540 656,2537 697,2537 738,2539 779,2540 820,2545 861,2548 903,2548 944,2551 985,2548 1026,2546 1067,2549 1108,2552 1149,2552 1190,2552 1231,2552 1272,2554 1314,2561 1314,2519 1272,2512 1231,2510 1190,2510 1149,2510 1108,2510 1067,2507 1026,2504 985,2506 944,2509 903,2506 861,2506 820,2503 779,2498 738,2497 697,2495 656,2495 615,2498 574,2495 533,2495 492,2495"/>
                <Baseline points="492,2523 533,2523 574,2523 615,2526 656,2523 697,2523 738,2525 779,2526 820,2531 861,2534 903,2534 944,2537 985,2534 1026,2532 1067,2535 1108,2538 1149,2538 1190,2538 1231,2538 1272,2540 1314,2547"/>
                <TextEquiv>
                    <Unicode>eciã evident p; ꝑ põs doctoe̾s</Unicode>
                </TextEquiv>
            </TextLine>
            <TextLine id="tr_1_tl_34" custom="readingOrder {index:33;}">
                <Coords points="489,2597 528,2600 567,2600 606,2600 646,2602 685,2604 724,2606 764,2606 803,2606 842,2606 882,2608 921,2611 960,2612 999,2614 1039,2618 1078,2618 1117,2621 1157,2621 1196,2621 1235,2625 1275,2633 1275,2590 1235,2582 1196,2578 1157,2578 1117,2578 1078,2575 1039,2575 999,2571 960,2569 921,2568 882,2565 842,2563 803,2563 764,2563 724,2563 685,2561 646,2559 606,2557 567,2557 528,2557 489,2554"/>
                <Baseline points="489,2583 528,2586 567,2586 606,2586 646,2588 685,2590 724,2592 764,2592 803,2592 842,2592 882,2594 921,2597 960,2598 999,2600 1039,2604 1078,2604 1117,2607 1157,2607 1196,2607 1235,2611 1275,2619"/>
                <TextEquiv>
                    <Unicode>q illas aũctes ponũt Nam</Unicode>
                </TextEquiv>
            </TextLine>
            <TextLine id="tr_1_tl_35" custom="readingOrder {index:34;}">
                <Coords points="492,2669 534,2666 577,2666 620,2669 662,2669 705,2669 748,2671 790,2672 833,2672 876,2674 919,2677 961,2678 1004,2679 1047,2681 1089,2683 1132,2683 1175,2683 1217,2683 1260,2683 1303,2680 1346,2675 1346,2632 1303,2637 1260,2640 1217,2640 1175,2640 1132,2640 1089,2640 1047,2638 1004,2636 961,2635 919,2634 876,2631 833,2629 790,2629 748,2628 705,2626 662,2626 620,2626 577,2623 534,2623 492,2626"/>
                <Baseline points="492,2655 534,2652 577,2652 620,2655 662,2655 705,2655 748,2657 790,2658 833,2658 876,2660 919,2663 961,2664 1004,2665 1047,2667 1089,2669 1132,2669 1175,2669 1217,2669 1260,2669 1303,2666 1346,2661"/>
                <TextEquiv>
                    <Unicode>ſcũs Thomas ꝙ̃ huſſite max ͤ </Unicode>
                </TextEquiv>
            </TextLine>
            <TextLine id="tr_1_tl_36" custom="readingOrder {index:35;}">
                <Coords points="480,2734 521,2734 563,2734 605,2732 647,2731 689,2733 731,2734 772,2736 814,2737 856,2738 898,2741 940,2744 982,2746 1024,2746 1065,2749 1107,2752 1149,2755 1191,2755 1233,2755 1275,2757 1317,2767 1317,2724 1275,2714 1233,2712 1191,2712 1149,2712 1107,2709 1065,2706 1024,2703 982,2703 940,2701 898,2698 856,2695 814,2694 772,2693 731,2691 689,2690 647,2688 605,2689 563,2691 521,2691 480,2691"/>
                <Baseline points="480,2720 521,2720 563,2720 605,2718 647,2717 689,2719 731,2720 772,2722 814,2723 856,2724 898,2727 940,2730 982,2732 1024,2732 1065,2735 1107,2738 1149,2741 1191,2741 1233,2741 1275,2743 1317,2753"/>
                <TextEquiv>
                    <Unicode>allegãt ad ꝑ bãd tlẽ; imꝑfcõ;</Unicode>
                </TextEquiv>
            </TextLine>
            <TextLine id="tr_1_tl_37" custom="readingOrder {index:36;}">
                <Coords points="471,2812 510,2794 549,2797 588,2797 627,2799 666,2799 705,2798 745,2801 784,2806 823,2806 862,2806 901,2804 940,2807 979,2808 1019,2807 1058,2810 1097,2812 1136,2815 1175,2818 1214,2820 1254,2824 1254,2790 1214,2786 1175,2784 1136,2781 1097,2778 1058,2776 1019,2773 979,2774 940,2773 901,2770 862,2772 823,2772 784,2772 745,2767 705,2764 666,2765 627,2765 588,2763 549,2763 510,2760 471,2778"/>
                <Baseline points="471,2801 510,2783 549,2786 588,2786 627,2788 666,2788 705,2787 745,2790 784,2795 823,2795 862,2795 901,2793 940,2796 979,2797 1019,2796 1058,2799 1097,2801 1136,2804 1175,2807 1214,2809 1254,2813"/>
                <TextEquiv>
                    <Unicode>ſumpcõꝭ ſac ͭ ͥ cũ diſcutit mã;</Unicode>
                </TextEquiv>
            </TextLine>
            <TextLine id="tr_1_tl_38" custom="readingOrder {index:37;}">
                <Coords points="474,2860 513,2860 552,2860 592,2860 631,2861 671,2863 710,2863 750,2863 789,2866 829,2866 868,2866 907,2868 947,2869 986,2869 1026,2870 1065,2873 1105,2878 1144,2878 1184,2881 1223,2881 1263,2881 1263,2847 1223,2847 1184,2847 1144,2844 1105,2844 1065,2839 1026,2836 986,2835 947,2835 907,2834 868,2832 829,2832 789,2832 750,2829 710,2829 671,2829 631,2827 592,2826 552,2826 513,2826 474,2826"/>
                <Baseline points="474,2849 513,2849 552,2849 592,2849 631,2850 671,2852 710,2852 750,2852 789,2855 829,2855 868,2855 907,2857 947,2858 986,2858 1026,2859 1065,2862 1105,2867 1144,2867 1184,2870 1223,2870 1263,2870"/>
                <TextEquiv>
                    <Unicode>det[?]mãt ꝙ nõ ꝯficĩẽs deũt</Unicode>
                </TextEquiv>
            </TextLine>
            <TextLine id="tr_1_tl_39" custom="readingOrder {index:38;}">
                <Coords points="477,2930 514,2925 552,2926 589,2927 627,2927 664,2927 702,2930 739,2930 777,2932 814,2935 852,2935 889,2933 927,2933 964,2933 1002,2933 1039,2935 1077,2937 1114,2939 1152,2939 1189,2939 1227,2939 1227,2899 1189,2899 1152,2899 1114,2899 1077,2897 1039,2895 1002,2893 964,2893 927,2893 889,2893 852,2895 814,2895 777,2892 739,2890 702,2890 664,2887 627,2887 589,2887 552,2886 514,2885 477,2890"/>
                <Baseline points="477,2917 514,2912 552,2913 589,2914 627,2914 664,2914 702,2917 739,2917 777,2919 814,2922 852,2922 889,2920 927,2920 964,2920 1002,2920 1039,2922 1077,2924 1114,2926 1152,2926 1189,2926 1227,2926"/>
                <TextEquiv>
                    <Unicode>ſub ſola paĩs ſpẽ ꝯũicaẽ ut</Unicode>
                </TextEquiv>
            </TextLine>
            <TextLine id="tr_1_tl_40" custom="readingOrder {index:39;}">
                <Coords points="483,2991 522,2988 562,2990 602,2991 642,2991 681,2992 721,2994 761,2995 801,2997 840,2997 880,2997 920,2997 960,2997 999,2997 1039,2997 1079,2998 1119,3000 1158,3000 1198,3000 1238,3003 1278,3006 1278,2963 1238,2960 1198,2957 1158,2957 1119,2957 1079,2955 1039,2954 999,2954 960,2954 920,2954 880,2954 840,2954 801,2954 761,2952 721,2951 681,2949 642,2948 602,2948 562,2947 522,2945 483,2948"/>
                <Baseline points="483,2977 522,2974 562,2976 602,2977 642,2977 681,2978 721,2980 761,2981 801,2983 840,2983 880,2983 920,2983 960,2983 999,2983 1039,2983 1079,2984 1119,2986 1158,2986 1198,2986 1238,2989 1278,2992"/>
                <TextEquiv>
                    <Unicode>ſup̃ dcm̃ ẽ Uñ illud ꝙ dicũt</Unicode>
                </TextEquiv>
            </TextLine>
            <TextLine id="tr_1_tl_41" custom="readingOrder {index:40;}">
                <Coords points="483,3054 524,3054 565,3052 606,3053 648,3054 689,3054 730,3054 771,3057 813,3060 854,3060 895,3060 936,3060 978,3063 1019,3060 1060,3063 1101,3063 1143,3063 1184,3065 1225,3064 1266,3064 1308,3069 1308,3026 1266,3021 1225,3021 1184,3022 1143,3020 1101,3020 1060,3020 1019,3017 978,3020 936,3017 895,3017 854,3017 813,3017 771,3014 730,3011 689,3011 648,3011 606,3010 565,3009 524,3011 483,3011"/>
                <Baseline points="483,3040 524,3040 565,3038 606,3039 648,3040 689,3040 730,3040 771,3043 813,3046 854,3046 895,3046 936,3046 978,3049 1019,3046 1060,3049 1101,3049 1143,3049 1184,3051 1225,3050 1266,3050 1308,3055"/>
                <TextEquiv>
                    <Unicode>d imꝑfccoẽ ſũpcõis sacrati qũ</Unicode>
                </TextEquiv>
            </TextLine>
        </TextRegion>
        <TextRegion orientation="0.0" id="tr_2" custom="readingOrder {index:1;}">
            <Coords points="1454,477 1454,3069 2335,3069 2335,477"/>
            <TextLine id="tr_2_tl_1" custom="readingOrder {index:0;}">
                <Coords points="1460,532 1500,518 1541,517 1582,517 1623,517 1664,517 1705,517 1746,518 1787,521 1828,522 1869,522 1909,529 1950,529 1991,529 2032,532 2073,537 2114,538 2155,538 2196,538 2237,538 2278,538 2278,498 2237,498 2196,498 2155,498 2114,498 2073,497 2032,492 1991,489 1950,489 1909,489 1869,482 1828,482 1787,481 1746,478 1705,477 1664,477 1623,477 1582,477 1541,477 1500,478 1460,492"/>
                <Baseline points="1460,519 1500,505 1541,504 1582,504 1623,504 1664,504 1705,504 1746,505 1787,508 1828,509 1869,509 1909,516 1950,516 1991,516 2032,519 2073,524 2114,525 2155,525 2196,525 2237,525 2278,525"/>
                <TextEquiv>
                    <Unicode>ſub altã ſola ſpẽ ſume ſꝑ intelli</Unicode>
                </TextEquiv>
            </TextLine>
            <TextLine id="tr_2_tl_2" custom="readingOrder {index:1;}">
                <Coords points="1472,583 1512,583 1552,583 1592,583 1632,583 1672,584 1712,586 1752,586 1792,586 1832,586 1872,589 1912,591 1952,594 1992,593 2032,592 2072,594 2112,597 2152,595 2192,595 2232,592 2272,598 2272,558 2232,552 2192,555 2152,555 2112,557 2072,554 2032,552 1992,553 1952,554 1912,551 1872,549 1832,546 1792,546 1752,546 1712,546 1672,544 1632,543 1592,543 1552,543 1512,543 1472,543"/>
                <Baseline points="1472,570 1512,570 1552,570 1592,570 1632,570 1672,571 1712,573 1752,573 1792,573 1832,573 1872,576 1912,578 1952,581 1992,580 2032,579 2072,581 2112,584 2152,582 2192,582 2232,579 2272,585"/>
                <TextEquiv>
                    <Unicode>gut̃ et exponut̃ de nõ ꝯficiebꝯ</Unicode>
                </TextEquiv>
            </TextLine>
            <TextLine id="tr_2_tl_3" custom="readingOrder {index:2;}">
                <Coords points="1460,653 1501,653 1542,651 1583,650 1624,650 1665,650 1706,650 1747,650 1788,650 1829,651 1870,653 1911,653 1952,656 1993,656 2034,658 2075,659 2116,659 2157,659 2198,660 2239,663 2281,665 2281,622 2239,620 2198,617 2157,616 2116,616 2075,616 2034,615 1993,613 1952,613 1911,610 1870,610 1829,608 1788,607 1747,607 1706,607 1665,607 1624,607 1583,607 1542,608 1501,610 1460,610"/>
                <Baseline points="1460,639 1501,639 1542,637 1583,636 1624,636 1665,636 1706,636 1747,636 1788,636 1829,637 1870,639 1911,639 1952,642 1993,642 2034,644 2075,645 2116,645 2157,645 2198,646 2239,649 2281,651"/>
                <TextEquiv>
                    <Unicode>Et ita expot̃ ſcũs Thomas</Unicode>
                </TextEquiv>
            </TextLine>
            <TextLine id="tr_2_tl_4" custom="readingOrder {index:3;}">
                <Coords points="1478,715 1519,715 1560,712 1601,714 1642,717 1683,718 1724,718 1765,718 1806,718 1847,718 1888,718 1929,721 1970,721 2011,721 2052,721 2093,723 2134,724 2175,724 2216,723 2257,727 2257,684 2216,680 2175,681 2134,681 2093,680 2052,678 2011,678 1970,678 1929,678 1888,675 1847,675 1806,675 1765,675 1724,675 1683,675 1642,674 1601,671 1560,669 1519,672 1478,672"/>
                <Baseline points="1478,701 1519,701 1560,698 1601,700 1642,703 1683,704 1724,704 1765,704 1806,704 1847,704 1888,704 1929,707 1970,707 2011,707 2052,707 2093,709 2134,710 2175,710 2216,709 2257,713"/>
                <TextEquiv>
                    <Unicode>aũctem Helaſii ppẽ de ꝯſe . di</Unicode>
                </TextEquiv>
            </TextLine>
            <TextLine id="tr_2_tl_5" custom="readingOrder {index:4;}">
                <Coords points="1460,772 1502,772 1544,769 1586,776 1629,776 1671,777 1713,776 1755,777 1798,780 1840,781 1882,781 1924,782 1967,785 2009,786 2051,784 2093,784 2136,784 2178,784 2220,787 2262,787 2305,787 2305,744 2262,744 2220,744 2178,741 2136,741 2093,741 2051,741 2009,743 1967,742 1924,739 1882,738 1840,738 1798,737 1755,734 1713,733 1671,734 1629,733 1586,733 1544,726 1502,729 1460,729"/>
                <Baseline points="1460,758 1502,758 1544,755 1586,762 1629,762 1671,763 1713,762 1755,763 1798,766 1840,767 1882,767 1924,768 1967,771 2009,772 2051,770 2093,770 2136,770 2178,770 2220,773 2262,773 2305,773"/>
                <TextEquiv>
                    <Unicode>2 ͣ  Cõꝑimꝯ dicẽs ꝙ illa auctẽs</Unicode>
                </TextEquiv>
            </TextLine>
            <TextLine id="tr_2_tl_6" custom="readingOrder {index:5;}">
                <Coords points="1466,847 1507,844 1548,844 1590,844 1631,846 1672,847 1714,847 1755,847 1796,847 1838,848 1879,850 1920,850 1962,850 2003,850 2044,850 2086,855 2127,854 2168,855 2210,856 2251,859 2293,868 2293,825 2251,816 2210,813 2168,812 2127,811 2086,812 2044,807 2003,807 1962,807 1920,807 1879,807 1838,805 1796,804 1755,804 1714,804 1672,804 1631,803 1590,801 1548,801 1507,801 1466,804"/>
                <Baseline points="1466,833 1507,830 1548,830 1590,830 1631,832 1672,833 1714,833 1755,833 1796,833 1838,834 1879,836 1920,836 1962,836 2003,836 2044,836 2086,841 2127,840 2168,841 2210,842 2251,845 2293,854"/>
                <TextEquiv>
                    <Unicode>ittligĩ de ſacdotibꝯ ut sup̃ dcm̃</Unicode>
                </TextEquiv>
            </TextLine>
            <TextLine id="tr_2_tl_7" custom="readingOrder {index:6;}">
                <Coords points="1478,909 1515,911 1552,910 1589,910 1627,912 1664,912 1701,909 1739,909 1776,911 1813,913 1851,914 1888,912 1925,912 1962,914 2000,917 2037,918 2074,918 2112,918 2149,918 2186,923 2224,918 2224,875 2186,880 2149,875 2112,875 2074,875 2037,875 2000,874 1962,871 1925,869 1888,869 1851,871 1813,870 1776,868 1739,866 1701,866 1664,869 1627,869 1589,867 1552,867 1515,868 1478,866"/>
                <Baseline points="1478,895 1515,897 1552,896 1589,896 1627,898 1664,898 1701,895 1739,895 1776,897 1813,899 1851,900 1888,898 1925,898 1962,900 2000,903 2037,904 2074,904 2112,904 2149,904 2186,909 2224,904"/>
                <TextEquiv>
                    <Unicode>eſt Et illa expoĩ co boã ẽ ꝙ</Unicode>
                </TextEquiv>
            </TextLine>
            <TextLine id="tr_2_tl_8" custom="readingOrder {index:7;}">
                <Coords points="1478,975 1516,972 1555,972 1593,972 1632,972 1671,973 1709,975 1748,975 1787,975 1825,977 1864,978 1903,978 1941,979 1980,981 2019,981 2057,984 2096,984 2135,984 2173,982 2212,983 2251,990 2251,947 2212,940 2173,939 2135,941 2096,941 2057,941 2019,938 1980,938 1941,936 1903,935 1864,935 1825,934 1787,932 1748,932 1709,932 1671,930 1632,929 1593,929 1555,929 1516,929 1478,932"/>
                <Baseline points="1478,961 1516,958 1555,958 1593,958 1632,958 1671,959 1709,961 1748,961 1787,961 1825,963 1864,964 1903,964 1941,965 1980,967 2019,967 2057,970 2096,970 2135,970 2173,968 2212,969 2251,976"/>
                <TextEquiv>
                    <Unicode>gratiãꝯ qui decretũ ꝯpoſuit</Unicode>
                </TextEquiv>
            </TextLine>
            <TextLine id="tr_2_tl_9" custom="readingOrder {index:8;}">
                <Coords points="1478,1038 1515,1038 1553,1038 1590,1038 1628,1038 1666,1038 1703,1038 1741,1038 1778,1040 1816,1041 1854,1041 1891,1042 1929,1044 1966,1047 2004,1047 2042,1047 2079,1047 2117,1047 2154,1047 2192,1050 2230,1050 2230,1007 2192,1007 2154,1004 2117,1004 2079,1004 2042,1004 2004,1004 1966,1004 1929,1001 1891,999 1854,998 1816,998 1778,997 1741,995 1703,995 1666,995 1628,995 1590,995 1553,995 1515,995 1478,995"/>
                <Baseline points="1478,1024 1515,1024 1553,1024 1590,1024 1628,1024 1666,1024 1703,1024 1741,1024 1778,1026 1816,1027 1854,1027 1891,1028 1929,1030 1966,1033 2004,1033 2042,1033 2079,1033 2117,1033 2154,1033 2192,1036 2230,1036"/>
                <TextEquiv>
                    <Unicode>allegauit dcm̃ helaſii in </Unicode>
                </TextEquiv>
            </TextLine>
            <TextLine id="tr_2_tl_10" custom="readingOrder {index:9;}">
                <Coords points="1466,1110 1503,1105 1541,1106 1579,1107 1617,1107 1655,1107 1693,1107 1731,1107 1769,1107 1807,1109 1845,1110 1882,1111 1920,1113 1958,1113 1996,1113 2034,1113 2072,1113 2110,1113 2148,1113 2186,1113 2224,1116 2224,1073 2186,1070 2148,1070 2110,1070 2072,1070 2034,1070 1996,1070 1958,1070 1920,1070 1882,1068 1845,1067 1807,1066 1769,1064 1731,1064 1693,1064 1655,1064 1617,1064 1579,1064 1541,1063 1503,1062 1466,1067"/>
                <Baseline points="1466,1096 1503,1091 1541,1092 1579,1093 1617,1093 1655,1093 1693,1093 1731,1093 1769,1093 1807,1095 1845,1096 1882,1097 1920,1099 1958,1099 1996,1099 2034,1099 2072,1099 2110,1099 2148,1099 2186,1099 2224,1102"/>
                <TextEquiv>
                    <Unicode>mẽte añ illud p̃miſit tlẽm</Unicode>
                </TextEquiv>
            </TextLine>
            <TextLine id="tr_2_tl_11" custom="readingOrder {index:10;}">
                <Coords points="1478,1172 1520,1167 1563,1166 1606,1166 1649,1167 1692,1170 1735,1173 1777,1175 1820,1178 1863,1184 1906,1183 1949,1182 1992,1184 2035,1184 2077,1181 2120,1181 2163,1182 2206,1176 2249,1170 2292,1167 2335,1166 2335,1123 2292,1124 2249,1127 2206,1133 2163,1139 2120,1138 2077,1138 2035,1141 1992,1141 1949,1139 1906,1140 1863,1141 1820,1135 1777,1132 1735,1130 1692,1127 1649,1124 1606,1123 1563,1123 1520,1124 1478,1129"/>
                <Baseline points="1478,1158 1520,1153 1563,1152 1606,1152 1649,1153 1692,1156 1735,1159 1777,1161 1820,1164 1863,1170 1906,1169 1949,1168 1992,1170 2035,1170 2077,1167 2120,1167 2163,1168 2206,1162 2249,1156 2292,1153 2335,1152"/>
                <TextEquiv>
                    <Unicode>Rubricã Corpꝯ x ſy eiꝯ sag ᷠ ͤ</Unicode>
                </TextEquiv>
            </TextLine>
            <TextLine id="tr_2_tl_12" custom="readingOrder {index:11;}">
                <Coords points="1460,1235 1501,1232 1543,1235 1585,1235 1627,1237 1669,1236 1710,1235 1752,1235 1794,1235 1836,1236 1878,1238 1919,1239 1961,1245 2003,1247 2045,1247 2087,1247 2128,1244 2170,1244 2212,1242 2254,1239 2296,1238 2296,1195 2254,1196 2212,1199 2170,1201 2128,1201 2087,1204 2045,1204 2003,1204 1961,1202 1919,1196 1878,1195 1836,1193 1794,1192 1752,1192 1710,1192 1669,1193 1627,1194 1585,1192 1543,1192 1501,1189 1460,1192"/>
                <Baseline points="1460,1221 1501,1218 1543,1221 1585,1221 1627,1223 1669,1222 1710,1221 1752,1221 1794,1221 1836,1222 1878,1224 1919,1225 1961,1231 2003,1233 2045,1233 2087,1233 2128,1230 2170,1230 2212,1228 2254,1225 2296,1224"/>
                <TextEquiv>
                    <Unicode>nõ d; ſacdos acciꝑe Et maĩ ͭ ͤ</Unicode>
                </TextEquiv>
            </TextLine>
            <TextLine id="tr_2_tl_13" custom="readingOrder {index:12;}">
                <Coords points="1472,1298 1512,1298 1553,1300 1594,1299 1635,1298 1676,1298 1717,1299 1758,1301 1799,1302 1840,1304 1881,1304 1921,1307 1962,1310 2003,1307 2044,1309 2085,1312 2126,1315 2167,1314 2208,1314 2249,1317 2290,1322 2290,1279 2249,1274 2208,1271 2167,1271 2126,1272 2085,1269 2044,1266 2003,1264 1962,1267 1921,1264 1881,1261 1840,1261 1799,1259 1758,1258 1717,1256 1676,1255 1635,1255 1594,1256 1553,1257 1512,1255 1472,1255"/>
                <Baseline points="1472,1284 1512,1284 1553,1286 1594,1285 1635,1284 1676,1284 1717,1285 1758,1287 1799,1288 1840,1290 1881,1290 1921,1293 1962,1296 2003,1293 2044,1295 2085,1298 2126,1301 2167,1300 2208,1300 2249,1303 2290,1308"/>
                <TextEquiv>
                    <Unicode>ẽ ꝙ ꝯpilator q tlẽm Rubricã</Unicode>
                </TextEquiv>
            </TextLine>
            <TextLine id="tr_2_tl_14" custom="readingOrder {index:13;}">
                <Coords points="1463,1369 1502,1369 1541,1366 1580,1366 1620,1366 1659,1366 1698,1366 1737,1366 1777,1366 1816,1366 1855,1366 1894,1366 1934,1371 1973,1372 2012,1374 2051,1375 2091,1376 2130,1378 2169,1378 2208,1375 2248,1399 2248,1356 2208,1332 2169,1335 2130,1335 2091,1333 2051,1332 2012,1331 1973,1329 1934,1328 1894,1323 1855,1323 1816,1323 1777,1323 1737,1323 1698,1323 1659,1323 1620,1323 1580,1323 1541,1323 1502,1326 1463,1326"/>
                <Baseline points="1463,1355 1502,1355 1541,1352 1580,1352 1620,1352 1659,1352 1698,1352 1737,1352 1777,1352 1816,1352 1855,1352 1894,1352 1934,1357 1973,1358 2012,1360 2051,1361 2091,1362 2130,1364 2169,1364 2208,1361 2248,1385"/>
                <TextEquiv>
                    <Unicode>appoſuit dcõ helaſii nõ appõuiſſ;</Unicode>
                </TextEquiv>
            </TextLine>
            <TextLine id="tr_2_tl_15" custom="readingOrder {index:14;}">
                <Coords points="1460,1435 1499,1432 1539,1432 1579,1432 1619,1432 1659,1432 1699,1432 1738,1432 1778,1432 1818,1432 1858,1437 1898,1438 1938,1438 1978,1438 2017,1438 2057,1439 2097,1442 2137,1444 2177,1441 2217,1441 2257,1441 2257,1408 2217,1408 2177,1408 2137,1411 2097,1409 2057,1406 2017,1405 1978,1405 1938,1405 1898,1405 1858,1404 1818,1399 1778,1399 1738,1399 1699,1399 1659,1399 1619,1399 1579,1399 1539,1399 1499,1399 1460,1402"/>
                <Baseline points="1460,1424 1499,1421 1539,1421 1579,1421 1619,1421 1659,1421 1699,1421 1738,1421 1778,1421 1818,1421 1858,1426 1898,1427 1938,1427 1978,1427 2017,1427 2057,1428 2097,1431 2137,1433 2177,1430 2217,1430 2257,1430"/>
                <TextEquiv>
                    <Unicode>eam niſi maĩfeſte vidiſſ; ex</Unicode>
                </TextEquiv>
            </TextLine>
            <TextLine id="tr_2_tl_16" custom="readingOrder {index:15;}">
                <Coords points="1463,1507 1504,1502 1545,1503 1586,1504 1627,1502 1668,1501 1709,1501 1750,1502 1791,1504 1832,1505 1873,1507 1914,1510 1955,1507 1996,1510 2037,1510 2078,1510 2119,1512 2160,1511 2201,1510 2242,1510 2284,1516 2284,1473 2242,1467 2201,1467 2160,1468 2119,1469 2078,1467 2037,1467 1996,1467 1955,1464 1914,1467 1873,1464 1832,1462 1791,1461 1750,1459 1709,1458 1668,1458 1627,1459 1586,1461 1545,1460 1504,1459 1463,1464"/>
                <Baseline points="1463,1493 1504,1488 1545,1489 1586,1490 1627,1488 1668,1487 1709,1487 1750,1488 1791,1490 1832,1491 1873,1493 1914,1496 1955,1493 1996,1496 2037,1496 2078,1496 2119,1498 2160,1497 2201,1496 2242,1496 2284,1502"/>
                <TextEquiv>
                    <Unicode>p̃rebꝯ et ſeꝙ̃tibꝯ ꝙ ipẽ ad illu</Unicode>
                </TextEquiv>
            </TextLine>
            <TextLine id="tr_2_tl_17" custom="readingOrder {index:16;}">
                <Coords points="1466,1569 1505,1567 1545,1567 1584,1567 1624,1565 1663,1565 1703,1567 1742,1567 1782,1567 1821,1569 1861,1569 1901,1571 1940,1574 1980,1575 2019,1575 2059,1576 2098,1578 2138,1578 2177,1578 2217,1578 2257,1581 2257,1539 2217,1536 2177,1536 2138,1536 2098,1536 2059,1534 2019,1533 1980,1533 1940,1532 1901,1529 1861,1527 1821,1527 1782,1525 1742,1525 1703,1525 1663,1523 1624,1523 1584,1525 1545,1525 1505,1525 1466,1527"/>
                <Baseline points="1466,1555 1505,1553 1545,1553 1584,1553 1624,1551 1663,1551 1703,1553 1742,1553 1782,1553 1821,1555 1861,1555 1901,1557 1940,1560 1980,1561 2019,1561 2059,1562 2098,1564 2138,1564 2177,1564 2217,1564 2257,1567"/>
                <TextEquiv>
                    <Unicode>intllectũ loqretur hoc eciã</Unicode>
                </TextEquiv>
            </TextLine>
            <TextLine id="tr_2_tl_18" custom="readingOrder {index:17;}">
                <Coords points="1463,1629 1501,1624 1540,1624 1579,1626 1618,1626 1657,1626 1695,1626 1734,1628 1773,1631 1812,1632 1851,1633 1889,1635 1928,1635 1967,1638 2006,1640 2045,1641 2083,1643 2122,1644 2161,1645 2200,1648 2239,1656 2239,1614 2200,1606 2161,1603 2122,1602 2083,1601 2045,1599 2006,1598 1967,1596 1928,1593 1889,1593 1851,1591 1812,1590 1773,1589 1734,1586 1695,1584 1657,1584 1618,1584 1579,1584 1540,1582 1501,1582 1463,1587"/>
                <Baseline points="1463,1615 1501,1610 1540,1610 1579,1612 1618,1612 1657,1612 1695,1612 1734,1614 1773,1617 1812,1618 1851,1619 1889,1621 1928,1621 1967,1624 2006,1626 2045,1627 2083,1629 2122,1630 2161,1631 2200,1634 2239,1642"/>
                <TextEquiv>
                    <Unicode>maĩfeſtũ ẽ ex ip̃is vĩs Helaſii</Unicode>
                </TextEquiv>
            </TextLine>
            <TextLine id="tr_2_tl_19" custom="readingOrder {index:18;}">
                <Coords points="1457,1689 1498,1689 1539,1689 1581,1691 1622,1692 1663,1692 1705,1695 1746,1698 1787,1698 1829,1698 1870,1698 1911,1698 1953,1701 1994,1704 2035,1704 2077,1707 2118,1709 2159,1710 2201,1712 2242,1715 2284,1713 2284,1670 2242,1672 2201,1669 2159,1667 2118,1666 2077,1664 2035,1661 1994,1661 1953,1658 1911,1655 1870,1655 1829,1655 1787,1655 1746,1655 1705,1652 1663,1649 1622,1649 1581,1648 1539,1646 1498,1646 1457,1646"/>
                <Baseline points="1457,1675 1498,1675 1539,1675 1581,1677 1622,1678 1663,1678 1705,1681 1746,1684 1787,1684 1829,1684 1870,1684 1911,1684 1953,1687 1994,1690 2035,1690 2077,1693 2118,1695 2159,1696 2201,1698 2242,1701 2284,1699"/>
                <TextEquiv>
                    <Unicode>dũ ipẽ Diuiſio eiꝯd miſtiĩ</Unicode>
                </TextEquiv>
            </TextLine>
            <TextLine id="tr_2_tl_20" custom="readingOrder {index:19;}">
                <Coords points="1460,1760 1500,1755 1541,1754 1581,1756 1622,1757 1663,1759 1703,1760 1744,1760 1784,1761 1825,1766 1866,1766 1906,1769 1947,1772 1987,1772 2028,1772 2069,1774 2109,1776 2150,1777 2190,1775 2231,1775 2272,1775 2272,1735 2231,1735 2190,1735 2150,1737 2109,1736 2069,1734 2028,1732 1987,1732 1947,1732 1906,1729 1866,1726 1825,1726 1784,1721 1744,1720 1703,1720 1663,1719 1622,1717 1581,1716 1541,1714 1500,1715 1460,1720"/>
                <Baseline points="1460,1747 1500,1742 1541,1741 1581,1743 1622,1744 1663,1746 1703,1747 1744,1747 1784,1748 1825,1753 1866,1753 1906,1756 1947,1759 1987,1759 2028,1759 2069,1761 2109,1763 2150,1764 2190,1762 2231,1762 2272,1762"/>
                <TextEquiv>
                    <Unicode>ſeu altiq miſtiĩ ut vidi ĩplibꝯ</Unicode>
                </TextEquiv>
            </TextLine>
            <TextLine id="tr_2_tl_21" custom="readingOrder {index:20;}">
                <Coords points="1460,1822 1501,1819 1542,1819 1583,1821 1624,1822 1666,1822 1707,1822 1748,1823 1789,1825 1830,1825 1872,1826 1913,1828 1954,1828 1995,1831 2036,1834 2078,1834 2119,1832 2160,1833 2201,1836 2242,1836 2284,1834 2284,1794 2242,1796 2201,1796 2160,1793 2119,1792 2078,1794 2036,1794 1995,1791 1954,1788 1913,1788 1872,1786 1830,1785 1789,1785 1748,1783 1707,1782 1666,1782 1624,1782 1583,1781 1542,1779 1501,1779 1460,1782"/>
                <Baseline points="1460,1809 1501,1806 1542,1806 1583,1808 1624,1809 1666,1809 1707,1809 1748,1810 1789,1812 1830,1812 1872,1813 1913,1815 1954,1815 1995,1818 2036,1821 2078,1821 2119,1819 2160,1820 2201,1823 2242,1823 2284,1821"/>
                <TextEquiv>
                    <Unicode>librꝬ Conſtat enĩ ꝙ res sac ͭ ͥ</Unicode>
                </TextEquiv>
            </TextLine>
            <TextLine id="tr_2_tl_22" custom="readingOrder {index:21;}">
                <Coords points="1454,1880 1493,1885 1533,1886 1573,1888 1613,1887 1653,1886 1693,1886 1732,1887 1772,1889 1812,1889 1852,1889 1892,1891 1932,1892 1972,1894 2011,1895 2051,1895 2091,1896 2131,1898 2171,1898 2211,1898 2251,1901 2251,1859 2211,1856 2171,1856 2131,1856 2091,1854 2051,1853 2011,1853 1972,1852 1932,1850 1892,1849 1852,1847 1812,1847 1772,1847 1732,1845 1693,1844 1653,1844 1613,1845 1573,1846 1533,1844 1493,1843 1454,1838"/>
                <Baseline points="1454,1866 1493,1871 1533,1872 1573,1874 1613,1873 1653,1872 1693,1872 1732,1873 1772,1875 1812,1875 1852,1875 1892,1877 1932,1878 1972,1880 2011,1881 2051,1881 2091,1882 2131,1884 2171,1884 2211,1884 2251,1887"/>
                <TextEquiv>
                    <Unicode>q̃  ẽ xpũs diuidi nõ p̃t̃ ſlr</Unicode>
                </TextEquiv>
            </TextLine>
            <TextLine id="tr_2_tl_23" custom="readingOrder {index:22;}">
                <Coords points="1463,1946 1499,1951 1535,1950 1571,1948 1607,1946 1643,1946 1679,1948 1716,1949 1752,1950 1788,1952 1824,1952 1860,1957 1896,1956 1932,1956 1969,1959 2005,1961 2041,1958 2077,1958 2113,1956 2149,1957 2186,1958 2186,1915 2149,1914 2113,1913 2077,1915 2041,1915 2005,1918 1969,1916 1932,1913 1896,1913 1860,1914 1824,1909 1788,1909 1752,1907 1716,1906 1679,1905 1643,1903 1607,1903 1571,1905 1535,1907 1499,1908 1463,1903"/>
                <Baseline points="1463,1932 1499,1937 1535,1936 1571,1934 1607,1932 1643,1932 1679,1934 1716,1935 1752,1936 1788,1938 1824,1938 1860,1943 1896,1942 1932,1942 1969,1945 2005,1947 2041,1944 2077,1944 2113,1942 2149,1943 2186,1944"/>
                <TextEquiv>
                    <Unicode>efficacia sac ͭ ͥq rẽ ꝯseqtur</Unicode>
                </TextEquiv>
            </TextLine>
            <TextLine id="tr_2_tl_24" custom="readingOrder {index:23;}">
                <Coords points="1454,2014 1493,2014 1533,2012 1573,2012 1613,2013 1653,2015 1693,2017 1732,2018 1772,2020 1812,2020 1852,2023 1892,2023 1932,2023 1972,2023 2011,2024 2051,2025 2091,2023 2131,2023 2171,2023 2211,2023 2251,2029 2251,1986 2211,1980 2171,1980 2131,1980 2091,1980 2051,1982 2011,1981 1972,1980 1932,1980 1892,1980 1852,1980 1812,1977 1772,1977 1732,1975 1693,1974 1653,1972 1613,1970 1573,1969 1533,1969 1493,1971 1454,1971"/>
                <Baseline points="1454,2000 1493,2000 1533,1998 1573,1998 1613,1999 1653,2001 1693,2003 1732,2004 1772,2006 1812,2006 1852,2009 1892,2009 1932,2009 1972,2009 2011,2010 2051,2011 2091,2009 2131,2009 2171,2009 2211,2009 2251,2015"/>
                <TextEquiv>
                    <Unicode>Hc go dĩſio in ſolis ẽ ſp̃ebus</Unicode>
                </TextEquiv>
            </TextLine>
            <TextLine id="tr_2_tl_25" custom="readingOrder {index:24;}">
                <Coords points="1460,2083 1500,2080 1540,2080 1580,2080 1621,2080 1661,2081 1701,2082 1742,2081 1782,2084 1822,2086 1863,2089 1903,2089 1943,2089 1983,2093 2024,2091 2064,2090 2104,2092 2145,2093 2185,2095 2225,2095 2266,2095 2266,2052 2225,2052 2185,2052 2145,2050 2104,2049 2064,2047 2024,2048 1983,2050 1943,2046 1903,2046 1863,2046 1822,2043 1782,2041 1742,2038 1701,2039 1661,2038 1621,2037 1580,2037 1540,2037 1500,2037 1460,2040"/>
                <Baseline points="1460,2069 1500,2066 1540,2066 1580,2066 1621,2066 1661,2067 1701,2068 1742,2067 1782,2070 1822,2072 1863,2075 1903,2075 1943,2075 1983,2079 2024,2077 2064,2076 2104,2078 2145,2079 2185,2081 2225,2081 2266,2081"/>
                <TextEquiv>
                    <Unicode>ĩ qbꝯ ut dcm̃ ẽ nõ ꝯſiſtit effi ͣ</Unicode>
                </TextEquiv>
            </TextLine>
            <TextLine id="tr_2_tl_26" custom="readingOrder {index:25;}">
                <Coords points="1466,2152 1505,2147 1545,2146 1584,2146 1624,2148 1663,2149 1703,2150 1742,2152 1782,2152 1821,2152 1861,2150 1901,2151 1940,2152 1980,2153 2019,2156 2059,2157 2098,2155 2138,2158 2177,2158 2217,2158 2257,2158 2257,2115 2217,2115 2177,2115 2138,2115 2098,2112 2059,2114 2019,2113 1980,2110 1940,2109 1901,2108 1861,2107 1821,2109 1782,2109 1742,2109 1703,2107 1663,2106 1624,2105 1584,2103 1545,2103 1505,2104 1466,2109"/>
                <Baseline points="1466,2138 1505,2133 1545,2132 1584,2132 1624,2134 1663,2135 1703,2136 1742,2138 1782,2138 1821,2138 1861,2136 1901,2137 1940,2138 1980,2139 2019,2142 2059,2143 2098,2141 2138,2144 2177,2144 2217,2144 2257,2144"/>
                <TextEquiv>
                    <Unicode>ſacram̃ti ſ; rputa ͦ ꝙ̃ sac͛dos</Unicode>
                </TextEquiv>
            </TextLine>
            <TextLine id="tr_2_tl_27" custom="readingOrder {index:26;}">
                <Coords points="1460,2218 1500,2215 1540,2215 1580,2215 1621,2215 1661,2215 1701,2215 1742,2215 1782,2216 1822,2218 1863,2221 1903,2221 1943,2221 1983,2221 2024,2223 2064,2223 2104,2222 2145,2224 2185,2224 2225,2224 2266,2224 2266,2181 2225,2181 2185,2181 2145,2181 2104,2179 2064,2180 2024,2180 1983,2178 1943,2178 1903,2178 1863,2178 1822,2175 1782,2173 1742,2172 1701,2172 1661,2172 1621,2172 1580,2172 1540,2172 1500,2172 1460,2175"/>
                <Baseline points="1460,2204 1500,2201 1540,2201 1580,2201 1621,2201 1661,2201 1701,2201 1742,2201 1782,2202 1822,2204 1863,2207 1903,2207 1943,2207 1983,2207 2024,2209 2064,2209 2104,2208 2145,2210 2185,2210 2225,2210 2266,2210"/>
                <TextEquiv>
                    <Unicode>ꝯficiẽs nõ aũt pplus facẽ te</Unicode>
                </TextEquiv>
            </TextLine>
            <TextLine id="tr_2_tl_28" custom="readingOrder {index:27;}">
                <Coords points="1460,2283 1500,2280 1540,2278 1580,2277 1620,2279 1660,2280 1700,2280 1740,2281 1780,2283 1820,2286 1860,2286 1900,2286 1940,2288 1980,2289 2020,2289 2060,2290 2100,2291 2140,2290 2180,2292 2220,2292 2260,2295 2260,2252 2220,2249 2180,2249 2140,2247 2100,2248 2060,2247 2020,2246 1980,2246 1940,2245 1900,2243 1860,2243 1820,2243 1780,2240 1740,2238 1700,2237 1660,2237 1620,2236 1580,2234 1540,2235 1500,2237 1460,2240"/>
                <Baseline points="1460,2269 1500,2266 1540,2264 1580,2263 1620,2265 1660,2266 1700,2266 1740,2267 1780,2269 1820,2272 1860,2272 1900,2272 1940,2274 1980,2275 2020,2275 2060,2276 2100,2277 2140,2276 2180,2278 2220,2278 2260,2281"/>
                <TextEquiv>
                    <Unicode>netur ut ſup̃ dcm̃ ẽ Ipẽ eci</Unicode>
                </TextEquiv>
            </TextLine>
            <TextLine id="tr_2_tl_29" custom="readingOrder {index:28;}">
                <Coords points="1460,2349 1498,2344 1537,2343 1575,2345 1614,2345 1652,2344 1691,2346 1729,2346 1768,2349 1806,2349 1845,2351 1883,2352 1922,2353 1960,2355 1999,2358 2037,2355 2076,2357 2114,2360 2153,2360 2191,2359 2230,2358 2230,2315 2191,2316 2153,2317 2114,2317 2076,2314 2037,2312 1999,2315 1960,2312 1922,2310 1883,2309 1845,2308 1806,2306 1768,2306 1729,2303 1691,2303 1652,2301 1614,2302 1575,2302 1537,2300 1498,2301 1460,2306"/>
                <Baseline points="1460,2335 1498,2330 1537,2329 1575,2331 1614,2331 1652,2330 1691,2332 1729,2332 1768,2335 1806,2335 1845,2337 1883,2338 1922,2339 1960,2341 1999,2344 2037,2341 2076,2343 2114,2346 2153,2346 2191,2345 2230,2344"/>
                <TextEquiv>
                    <Unicode>gracianꝮ declarat ꝙ sm in</Unicode>
                </TextEquiv>
            </TextLine>
            <TextLine id="tr_2_tl_30" custom="readingOrder {index:29;}">
                <Coords points="1460,2412 1499,2409 1539,2407 1578,2408 1618,2412 1657,2414 1697,2412 1736,2412 1776,2415 1815,2415 1855,2417 1895,2418 1934,2418 1974,2419 2013,2422 2053,2423 2092,2421 2132,2421 2171,2421 2211,2421 2251,2424 2251,2381 2211,2378 2171,2378 2132,2378 2092,2378 2053,2380 2013,2379 1974,2376 1934,2375 1895,2375 1855,2374 1815,2372 1776,2372 1736,2369 1697,2369 1657,2371 1618,2369 1578,2365 1539,2364 1499,2366 1460,2369"/>
                <Baseline points="1460,2398 1499,2395 1539,2393 1578,2394 1618,2398 1657,2400 1697,2398 1736,2398 1776,2401 1815,2401 1855,2403 1895,2404 1934,2404 1974,2405 2013,2408 2053,2409 2092,2407 2132,2407 2171,2407 2211,2407 2251,2410"/>
                <TextEquiv>
                    <Unicode>tllctm̃ ſuũ tale ſac leguũ nõ</Unicode>
                </TextEquiv>
            </TextLine>
            <TextLine id="tr_2_tl_31" custom="readingOrder {index:30;}">
                <Coords points="1460,2480 1498,2475 1536,2474 1575,2474 1613,2474 1651,2476 1690,2480 1728,2477 1766,2477 1805,2479 1843,2482 1881,2483 1920,2483 1958,2483 1996,2483 2035,2483 2073,2485 2111,2486 2150,2485 2188,2483 2227,2483 2227,2440 2188,2440 2150,2442 2111,2443 2073,2442 2035,2440 1996,2440 1958,2440 1920,2440 1881,2440 1843,2439 1805,2436 1766,2434 1728,2434 1690,2437 1651,2433 1613,2431 1575,2431 1536,2431 1498,2432 1460,2437"/>
                <Baseline points="1460,2466 1498,2461 1536,2460 1575,2460 1613,2460 1651,2462 1690,2466 1728,2463 1766,2463 1805,2465 1843,2468 1881,2469 1920,2469 1958,2469 1996,2469 2035,2469 2073,2471 2111,2472 2150,2471 2188,2469 2227,2469"/>
                <TextEquiv>
                    <Unicode>ꝯmittit pplũs ſ ſb una ſola</Unicode>
                </TextEquiv>
            </TextLine>
            <TextLine id="tr_2_tl_32" custom="readingOrder {index:31;}">
                <Coords points="1463,2551 1502,2543 1542,2542 1582,2542 1621,2542 1661,2542 1701,2542 1740,2543 1780,2548 1820,2548 1860,2548 1899,2548 1939,2548 1979,2550 2018,2551 2058,2551 2098,2551 2137,2551 2177,2554 2217,2557 2257,2551 2257,2511 2217,2517 2177,2514 2137,2511 2098,2511 2058,2511 2018,2511 1979,2510 1939,2508 1899,2508 1860,2508 1820,2508 1780,2508 1740,2503 1701,2502 1661,2502 1621,2502 1582,2502 1542,2502 1502,2503 1463,2511"/>
                <Baseline points="1463,2538 1502,2530 1542,2529 1582,2529 1621,2529 1661,2529 1701,2529 1740,2530 1780,2535 1820,2535 1860,2535 1899,2535 1939,2535 1979,2537 2018,2538 2058,2538 2098,2538 2137,2538 2177,2541 2217,2544 2257,2538"/>
                <TextEquiv>
                    <Unicode>ſp̃e ꝯũicat Alioqũ nõ pmiſſ;</Unicode>
                </TextEquiv>
            </TextLine>
            <TextLine id="tr_2_tl_33" custom="readingOrder {index:32;}">
                <Coords points="1454,2605 1494,2605 1535,2605 1575,2611 1616,2612 1657,2611 1697,2611 1738,2612 1778,2614 1819,2614 1860,2614 1900,2617 1941,2617 1981,2617 2022,2619 2063,2620 2103,2620 2144,2624 2184,2630 2225,2633 2266,2638 2266,2599 2225,2594 2184,2591 2144,2585 2103,2581 2063,2581 2022,2580 1981,2578 1941,2578 1900,2578 1860,2575 1819,2575 1778,2575 1738,2573 1697,2572 1657,2572 1616,2573 1575,2572 1535,2566 1494,2566 1454,2566"/>
                <Baseline points="1454,2592 1494,2592 1535,2592 1575,2598 1616,2599 1657,2598 1697,2598 1738,2599 1778,2601 1819,2601 1860,2601 1900,2604 1941,2604 1981,2604 2022,2606 2063,2607 2103,2607 2144,2611 2184,2617 2225,2620 2266,2625"/>
                <TextEquiv>
                    <Unicode>p̃mĩſſ; illã Rubricã S; dixiſſ;</Unicode>
                </TextEquiv>
            </TextLine>
            <TextLine id="tr_2_tl_34" custom="readingOrder {index:33;}">
                <Coords points="1478,2683 1514,2677 1551,2675 1587,2676 1624,2677 1661,2675 1697,2677 1734,2678 1770,2680 1807,2683 1844,2684 1880,2691 1917,2692 1953,2690 1990,2690 2027,2691 2063,2684 2100,2683 2136,2683 2173,2683 2210,2686 2210,2643 2173,2640 2136,2640 2100,2640 2063,2641 2027,2648 1990,2647 1953,2647 1917,2649 1880,2648 1844,2641 1807,2640 1770,2637 1734,2635 1697,2634 1661,2632 1624,2634 1587,2633 1551,2632 1514,2634 1478,2640"/>
                <Baseline points="1478,2669 1514,2663 1551,2661 1587,2662 1624,2663 1661,2661 1697,2663 1734,2664 1770,2666 1807,2669 1844,2670 1880,2677 1917,2678 1953,2676 1990,2676 2027,2677 2063,2670 2100,2669 2136,2669 2173,2669 2210,2672"/>
                <TextEquiv>
                    <Unicode>ꝙ nꝮ ſimp[?] corpꝮ ſĩ ſague</Unicode>
                </TextEquiv>
            </TextLine>
            <TextLine id="tr_2_tl_35" custom="readingOrder {index:34;}">
                <Coords points="1460,2743 1500,2738 1540,2739 1580,2742 1621,2743 1661,2743 1701,2744 1742,2746 1782,2747 1822,2749 1863,2749 1903,2749 1943,2751 1983,2752 2024,2752 2064,2752 2104,2752 2145,2752 2185,2751 2225,2746 2266,2749 2266,2706 2225,2703 2185,2708 2145,2709 2104,2709 2064,2709 2024,2709 1983,2709 1943,2708 1903,2706 1863,2706 1822,2706 1782,2704 1742,2703 1701,2701 1661,2700 1621,2700 1580,2699 1540,2696 1500,2695 1460,2700"/>
                <Baseline points="1460,2729 1500,2724 1540,2725 1580,2728 1621,2729 1661,2729 1701,2730 1742,2732 1782,2733 1822,2735 1863,2735 1903,2735 1943,2737 1983,2738 2024,2738 2064,2738 2104,2738 2145,2738 2185,2737 2225,2732 2266,2735"/>
                <TextEquiv>
                    <Unicode>ſuãt Et eod mõ epõĩ t glõ</Unicode>
                </TextEquiv>
            </TextLine>
            <TextLine id="tr_2_tl_36" custom="readingOrder {index:35;}">
                <Coords points="1454,2803 1492,2800 1530,2800 1568,2802 1607,2804 1645,2806 1683,2806 1721,2806 1760,2808 1798,2811 1836,2812 1874,2812 1913,2812 1951,2812 1989,2812 2027,2812 2066,2816 2104,2816 2142,2814 2180,2813 2219,2815 2219,2772 2180,2770 2142,2771 2104,2773 2066,2773 2027,2769 1989,2769 1951,2769 1913,2769 1874,2769 1836,2769 1798,2768 1760,2765 1721,2763 1683,2763 1645,2763 1607,2761 1568,2759 1530,2757 1492,2757 1454,2760"/>
                <Baseline points="1454,2789 1492,2786 1530,2786 1568,2788 1607,2790 1645,2792 1683,2792 1721,2792 1760,2794 1798,2797 1836,2798 1874,2798 1913,2798 1951,2798 1989,2798 2027,2798 2066,2802 2104,2802 2142,2800 2180,2799 2219,2801"/>
                <TextEquiv>
                    <Unicode>ibid Tertio noñd ẽ ꝙ hoc</Unicode>
                </TextEquiv>
            </TextLine>
            <TextLine id="tr_2_tl_37" custom="readingOrder {index:36;}">
                <Coords points="1460,2872 1499,2864 1539,2865 1579,2864 1619,2865 1659,2866 1699,2867 1739,2869 1779,2869 1819,2872 1859,2875 1899,2875 1939,2875 1979,2875 2019,2875 2059,2875 2099,2875 2139,2875 2179,2875 2219,2878 2219,2835 2179,2832 2139,2832 2099,2832 2059,2832 2019,2832 1979,2832 1939,2832 1899,2832 1859,2832 1819,2829 1779,2826 1739,2826 1699,2824 1659,2823 1619,2822 1579,2821 1539,2822 1499,2821 1460,2829"/>
                <Baseline points="1460,2858 1499,2850 1539,2851 1579,2850 1619,2851 1659,2852 1699,2853 1739,2855 1779,2855 1819,2858 1859,2861 1899,2861 1939,2861 1979,2861 2019,2861 2059,2861 2099,2861 2139,2861 2179,2861 2219,2864"/>
                <TextEquiv>
                    <Unicode>sactũ mltũ ẽ utile digne</Unicode>
                </TextEquiv>
            </TextLine>
            <TextLine id="tr_2_tl_38" custom="readingOrder {index:37;}">
                <Coords points="1466,2931 1503,2926 1541,2927 1578,2928 1616,2928 1653,2929 1691,2934 1728,2934 1766,2934 1803,2937 1841,2940 1878,2940 1916,2940 1953,2940 1991,2940 2028,2940 2066,2939 2103,2937 2141,2937 2178,2934 2216,2940 2216,2897 2178,2891 2141,2894 2103,2894 2066,2896 2028,2897 1991,2897 1953,2897 1916,2897 1878,2897 1841,2897 1803,2894 1766,2891 1728,2891 1691,2891 1653,2886 1616,2885 1578,2885 1541,2884 1503,2883 1466,2888"/>
                <Baseline points="1466,2917 1503,2912 1541,2913 1578,2914 1616,2914 1653,2915 1691,2920 1728,2920 1766,2920 1803,2923 1841,2926 1878,2926 1916,2926 1953,2926 1991,2926 2028,2926 2066,2925 2103,2923 2141,2923 2178,2920 2216,2926"/>
                <TextEquiv>
                    <Unicode>sumẽtibꝮ ipm̃ ĩõ oĩ tp̃e doc</Unicode>
                </TextEquiv>
            </TextLine>
            <TextLine id="tr_2_tl_39" custom="readingOrder {index:38;}">
                <Coords points="1460,2997 1501,2994 1542,2996 1583,2999 1624,2998 1665,2997 1706,2997 1747,2998 1788,3000 1829,3001 1870,3003 1911,3003 1952,3003 1993,3003 2034,3003 2075,3003 2116,3003 2157,3003 2198,3006 2239,3006 2239,2963 2198,2963 2157,2960 2116,2960 2075,2960 2034,2960 1993,2960 1952,2960 1911,2960 1870,2960 1829,2958 1788,2957 1747,2955 1706,2954 1665,2954 1624,2955 1583,2956 1542,2953 1501,2951 1460,2954"/>
                <Baseline points="1460,2983 1501,2980 1542,2982 1583,2985 1624,2984 1665,2983 1706,2983 1747,2984 1788,2986 1829,2987 1870,2989 1911,2989 1952,2989 1993,2989 2034,2989 2075,2989 2116,2989 2157,2989 2198,2992 2239,2992"/>
                <TextEquiv>
                    <Unicode>toẽs ſcĩ magnus laudibꝯ ex</Unicode>
                </TextEquiv>
            </TextLine>
            <TextLine id="tr_2_tl_40" custom="readingOrder {index:39;}">
                <Coords points="1454,3063 1492,3060 1530,3060 1569,3060 1607,3061 1645,3063 1684,3063 1722,3066 1760,3066 1799,3064 1837,3065 1875,3065 1914,3064 1952,3066 1990,3066 2029,3069 2067,3069 2105,3067 2144,3066 2182,3066 2221,3066 2221,3023 2182,3023 2144,3023 2105,3024 2067,3026 2029,3026 1990,3023 1952,3023 1914,3021 1875,3022 1837,3022 1799,3021 1760,3023 1722,3023 1684,3020 1645,3020 1607,3018 1569,3017 1530,3017 1492,3017 1454,3020"/>
                <Baseline points="1454,3049 1492,3046 1530,3046 1569,3046 1607,3047 1645,3049 1684,3049 1722,3052 1760,3052 1799,3050 1837,3051 1875,3051 1914,3050 1952,3052 1990,3052 2029,3055 2067,3055 2105,3053 2144,3052 2182,3052 2221,3052"/>
                <TextEquiv>
                    <Unicode>tollebãt et ꝑſuadebãt pplis</Unicode>
                </TextEquiv>
            </TextLine>
        </TextRegion>
    </Page>
</PcGts>
