2648 3775
507 460 1317 515 possunt q̃ ꝓ katholicorũ salute
519 527 1272 578 conscripta snt̃ dũmõ sane et
510 590 1314 638 in eodem sensu capiũtur quo
513 655 1308 713 scripta fuerũt¶ Primo igit᷑
507 724 1302 776 ad aucͣtem Mᵗ 26ᵒ Cum dr̃
522 792 1320 844 Bibite ex hoc om̃s dđm ꝙ ꝙ̃-
525 860 1367 912 uis xpũs dixi̾t om̃s po̾rigẽdo
525 929 1352 989 calicem nõ aut̃ po̾rigẽdo panẽ
498 1003 1326 1057 Non tñ ꝑ hoc uoluit notare
528 1069 1320 1120 ꝙ paucoͥres tũc debe̾nt ede̾
528 1132 1299 1188 de pane illo quã de calice
531 1201 1299 1259 bibe̾  qr eciã paẽ om̃s ꝯ-
522 1273 1299 1324 mederũt/ s; magꝭ iõ addidit
516 1336 1337 1391 om̃s calicem po̾rigendo quã ͫ
522 1401 1326 1460 ad lram̃/ qr cũ solũ semł con
537 1479 1361 1537 secrass; ⁊ totũ simł cuil; po̾rige̾
534 1550 1311 1599 tur nisi unꝰqͥsq; ꝑtem uini
552 1616 1340 1673 ꝯsecrati ⟦cons⟧ reseruass; seꝙ̃ti
537 1682 1320 1732 discipulo nõ om̃s potuissẽt
543 1746 1305 1800 bibere Ideo optebat eos foe̾
543 1819 1343 1879 p̃monitos ut unusqͥsꝙ seꝙ̃ti
555 1889 1311 1941 discipulo ptem reseruaret
522 1955 1305 2015 Unde luce 22 xpũs dixit
543 2018 1361 2072 de calice p̾mo dato diuidite
537 2091 1343 2150 int̾ uos de paẽ ve̾o nõ oꝑte
540 2160 1332 2211 bat eos sic ẽẽ p̃monitos/ qr
540 2227 1320 2284 ip̃e xpũs ꝑ se fregit ⁊ cuil;
522 2293 1326 2347 discipuloꝵ dedit/ ĩo nõ oꝑtuit
537 2363 1340 2423 ꝙ porrigendo panẽ consecͣtũ
528 2434 1352 2494 adde̾t sic̃ porrigendo ꝯsecratũ
534 2505 1334 2559 uinũ Illa eciã uerba dicebã²
540 2572 1332 2631 solis discipulis qđ p; ꝑ bt̃m
552 2637 1311 2697 Marcũ dicentẽ caᵒ 14 ͦ Et
543 2706 1373 2763 biberũt ex eo omẽs Non enĩ
528 2775 1340 2841 notauit futu᷑os homĩes Aut
543 2844 1364 2906 eciã nõ ꝯuĩcantes ꝓ tũc qr tũc
546 2917 1343 2980 scũs marcus nõ dixiss; vei̾ta-
555 2992 1334 3038 tem/ qͥa ex illo calice a dnõ
528 3056 1382 3115 ꝯsecrato nõ biberũt õs fideles
1454 454 2293 512 cum nondũ essent Et multi fi-
1454 523 2293 576 deles qui iam saluati sũt nũꝙ̃
1460 594 2281 646 biberũt potũ illũ sacͣmẽtalem
1469 653 2317 705 sub specie uini/ patet ecꝭ ꝑ textũ
1463 717 2281 772 ewãgelii/ ꝙ nõ notabat ꝑ illa
1421 787 2320 850 uerba/ nõ hñtes pt̃atem confici-
1460 853 2263 906 endi/ quia dicendo hoc facite
1457 923 2323 975 dedit eis pt̃atem ꝯficiendi Sic
1460 992 2287 1047 igitur quisqͥs dicit xpm̃ ꝑ illa
1436 1064 2326 1116 uerba notasse omẽs fideles ut̾-
1463 1131 2323 1190 usq; sexus dicit ꝯñ̃ter/ ꝙ xpũs
1472 1199 2287 1253 dedit omĩbus fidelibus/ eciam
1466 1271 2329 1334 mulieribus et paruulis ptãte;
1469 1341 2296 1390 conficiendi hoc sacramẽtũ Et
1484 1413 2305 1468 ꝯsequẽter ꝯstituit omẽs sac̾do-
1466 1483 2314 1534 tes qđ maĩᵗᵉ erroneũ est Eciã
1484 1548 2323 1608 enĩ sił cũ oĩbus scĩs doctoribus
1481 1617 2389 1668 ab inicio ꝯtrai̾um tenuit ⁊ hodie
1484 1681 2329 1734 tenet Sic sacrificiũ istud in-
1484 1753 2344 1808 stituit Cuiꝰ officiũ ꝯmitti uoluᵗ
1484 1828 2338 1874 solis pƀris quibus sic congruit
1478 1894 2290 1946 ut sũmãt ⁊ dent ceti̾s¶ Ad
1481 1963 2365 2016 glosam uero int̾liniarem ddᵗᵉᵐ
1484 2040 2359 2089 hoc facite ⁊ aliis mĩstrate ddᵐ
1487 2121 2356 2158 ꝙ ꝑ glosam apꝑet/ ꝙ uerba xpĩ
1481 2184 2311 2238 notabãt aplõs quibus dictũ
1502 2255 2314 2301 est hoc facite ⁊ bibite ex eo
1490 2321 2329 2370 omẽs Non aũt omẽs fideles
1487 2390 2335 2445 ideo ꝓ nobis faciũt/ si em̃ ad
1478 2458 2299 2507 omẽs fideles di̾ge̾ntur/ non
1484 2524 2311 2576 oꝑtebat exponẽdo dice̾ ⁊ aliis
1472 2596 2386 2654 mĩstrate qr õs ꝑ se face̾ debuissẽt
1478 2670 2383 2725 quałr aũt mĩstrandũ esset utꝵ
1499 2739 2347 2791 sub una uł sub utͣq; speciei Nec
1472 2811 2302 2866 pt̃ intłligi ꝙ xpũs mãdaret
1508 2882 2299 2934 ꝙ circa ritũ illius sacͣmenti
1487 2948 2359 3002 oã serua̾entur q̃ xpũs serua-
1493 3026 2308 3082 uit sc; tpũs fraccõ/ ⁊ ꝙ aliis
